1653 2637
735 134 996 171 *293—

441 232 474 265 7.
501 231 607 263 Patris
632 241 671 264 ac
694 233 795 273 prolis
819 237 912 274 pater
936 234 997 266 hoc
1023 236 1054 265 et
1077 233 1148 274 ipse

498 279 655 321 Praestet,
681 281 743 313 hoc
766 280 860 314 flatus
883 291 943 322 par
967 282 1093 322 utrique
1118 284 1257 323 sanctus,

502 328 639 361 Unicum
665 337 779 361 nomen
806 330 936 361 deitatis
963 330 1047 361 omni

545 375 606 407 Est
631 376 745 416 quibus
771 386 859 410 aevo.

288 457 361 485 Clm.
382 458 538 488 Monacen.
561 459 610 495 (ol.
630 461 781 497 'regui-in.)
802 460 909 489 18956.
931 470 1005 489 saec.
1024 460 1067 489 12.
1089 477 1125 482 -—
1146 463 1251 490 Dieser
1264 461 1409 496 Hymnus,
1430 463 1529 489 zuerst

207 504 267 523 von
287 496 420 524 Busaeus
447 499 480 525 in
505 500 607 526 seinen
626 499 855 534 Paralipomena
873 501 1050 535 Moguntina
1077 497 1151 528 1604
1175 500 1344 535 mitgeteilt,
1369 498 1443 525 wird
1462 499 1528 526 (lem

207 533 311 570 Lupus
331 543 391 561 von
412 535 560 564 Ferrieres
581 537 818 572 zugeschrieben.
859 539 904 566 Da
929 538 1025 566 dieser
1044 535 1100 565 836
1122 540 1184 566 <fine
1206 538 1277 565 Vita
1296 537 1444 572 wig-herti
1464 546 1527 564 ver-

207 571 294 599 fasste
313 572 375 608 (cfr-
396 572 491 602 Ebert
509 575 549 609 II,
570 573 648 610 206),
671 583 703 602 so
723 576 774 610 ist,
802 576 840 603 cla
860 575 990 612 Sprache
1009 575 1070 603 und
1088 576 1199 604 Meti-ik
1219 576 1269 603 des
1289 576 1425 610 Hymnus
1445 575 1528 602 nieht

207 610 466 648 entgegenstehen,
488 613 570 641 diese
588 613 744 641 Anuahme
763 614 846 642 nicht
864 614 1157 642 unwahrscheinlich.

633 742 694 774 521.
727 744 771 775 De
793 745 901 776 sancto
923 744 1094 785 wigberto.

230 847 238 854 .
264 821 424 861 Wigberti
458 823 525 855 dies
550 823 666 855 natalis

265 869 362 901 Venit
389 871 483 903 modo
509 870 666 902 mirabilis

263 917 352 950 Luce
374 918 441 957 jam
467 927 524 950 nos
545 918 740 957 illuminans,

264 965 348 1004 Quos
368 969 476 997 servet
490 965 635 998 Christus
647 966 835 1006 glomerans

230 1048 237 1055 .
264 1022 331 1054 Iste
355 1021 520 1055 confessor
545 1023 674 1055 Domini

263 1070 344 1101 Erat
369 1070 403 1101 in
428 1073 535 1102 mente
559 1070 699 1110 humilis,

264 1117 363 1155 Quem
379 1117 524 1150 Christus
535 1119 602 1157 J'am
617 1118 834 1158 praedixerat,

264 1165 311 1198 Ut
335 1173 470 1205 regnum
497 1166 564 1205 ejus
589 1167 729 1205 raperet.

228 1250 234 1256 .
260 1222 366 1261 Huius
397 1225 489 1255 oratu
514 1222 684 1262 credimus,

260 1270 315 1301 Ad
341 1272 429 1303 astra
455 1271 561 1302 cuncti
585 1270 758 1311 pergimus,

262 1317 296 1349 Si
322 1317 441 1350 cultum
468 1319 536 1358 ejus
562 1318 693 1359 agimus,

260 1365 320 1404 Qui
345 1365 436 1398 sedet
459 1375 557 1406 super
582 1366 720 1406 angelos.

227 1448 234 1455 .
261 1422 321 1462 Qui
346 1423 439 1455 sedet
463 1432 560 1463 super
586 1422 757 1455 Cherubim

262 1470 427 1510 Simulque
453 1479 550 1512 super
576 1470 742 1510 Seraphim

261 1518 458 1558 Sidereaque
483 1519 609 1559 agmina

261 1565 357 1606 Regit
383 1574 441 1599 sua
461 1566 617 1607 potentia,

898 826 929 858 5.
955 824 1093 864 Ipseque
1117 834 1174 856 nos
1201 827 1341 856 tartareo

955 872 1083 911 Eripiat
1108 881 1127 904 a
1151 874 1307 904 tormento

954 919 1068 951 Zabuli
1093 922 1124 951 et
1149 929 1168 951 a
1192 920 1304 958 laqueo

954 965 1117 999 Defendat
1140 976 1196 999 suo
1221 966 1343 999 labaro.

921 1047 927 1053 .
955 1023 1071 1055 Sancte
1095 1022 1272 1064 Wigberte‚
1299 1031 1497 1064 quaesumus,

955 1071 1019 1102 Ora
1043 1079 1102 1109 pro
1127 1070 1219 1102 nobis
1246 1070 1401 1109 omnibus,

953 1117 999 1150 Ut
1023 1118 1110 1149 lavet
1134 1126 1191 1149 nos
1218 1117 1402 1148 criminibus

954 1166 1024 1197 Rex
1047 1166 1231 1205 angelorum
1258 1164 1411 1196 dominus.

920 1249 926 1256 .
954 1222 978 1254 Ο
1004 1224 1114 1262 pastor
1138 1222 1229 1260 alme,
1256 1230 1315 1261 pro
1342 1221 1426 1252 clero

951 1269 1113 1301 Interveni
1136 1270 1202 1309 jam
1230 1270 1354 1310 devoto,

951 1317 1057 1357 Digna
1081 1319 1136 1349 tua
1161 1317 1290 1349 oracula

952 1365 1082 1396 Tollant
1105 1367 1217 1396 nostra
1240 1363 1376 1403 piacula.

919 1444 926 1451 .
955 1421 1103 1453 Salvator
1128 1424 1247 1461 noster,
1273 1421 1383 1452 relaxa

951 1469 996 1501 Et
1021 1468 1093 1500 dele
1118 1471 1229 1501 nostra
1254 1468 1387 1499 crimina

952 1516 1015 1548 Per
1041 1515 1232 1548 confessoris
1256 1515 1369 1547 inclita

954 1563 1064 1596 Sancti
1089 1563 1248 1605 Wigberti
1273 1563 1400 1595 merita.

605 1624 636 1657 9.
662 1622 732 1655 Deo
756 1623 843 1663 patri
866 1623 908 1654 sit
931 1622 1044 1662 gloria.

279 1708 353 1736 Clm.
374 1709 529 1737 Monacen.
552 1707 602 1743 (ol.
621 1706 772 1744 Tegurin.)
793 1705 900 1735 18956.
927 1715 1003 1735 saec.
1026 1704 1070 1734 12.
1099 1722 1136 1727 -—
1160 1708 1245 1735 Auch
1270 1707 1364 1733 dieser
1385 1706 1522 1740 Hymnus

200 1747 275 1774 wird
295 1748 344 1775 bei
356 1747 458 1782 Migne
470 1747 529 1774 PP.
543 1746 604 1774 LL.
620 1744 683 1781 119,
700 1744 755 1773 699
777 1747 842 1774 dem
864 1746 1004 1773 Servatus
1024 1745 1127 1780 Lupus
1148 1744 1385 1782 zugeschriebazn.
1425 1743 1524 1771 Allein

201 1786 250 1813 die
275 1785 388 1813 Metrik
413 1784 463 1813 des
484 1785 621 1820 Hymnus
647 1784 762 1812 scheint
787 1785 882 1812 dieser
906 1783 1061 1811 Annahme
1092 1785 1139 1811 ein
1165 1781 1428 1820 peremptoris-ebes
1448 1782 1523 1809 Veto

203 1824 500 1860 entgegenzustellen.

626 1944 694 1976 522.
724 1943 769 1975 De
793 1944 901 1975 sancto
923 1942 1098 1975 Wilhelnlo.

755 2023 802 2053 Ad
821 2023 978 2060 Vesperas.

203 2098 236 2130 1.
263 2096 335 2130 Vox
360 2096 496 2128 resultet
519 2092 673 2126 melliflua

261 2143 355 2177 Omni
381 2143 478 2184 plena
502 2141 636 2182 laetitia⁷

260 2192 346 2225 Dum
372 2192 485 2224 recolit
512 2190 648 2223 ecclesia

262 2240 372 2273 Sancti
401 2239 562 2272 Wilhelmi
590 2237 754 2271 solemnia.

227 2326 235 2334 .
261 2298 321 2338 Qui
346 2297 467 2338 gaudet
488 2297 522 2329 in
547 2295 737 2329 coelestibus

260 2346 368 2378 Festis
395 2344 506 2378 fruens
531 2343 735 2387 perennibus,

261 2394 394 2426 Festum
423 2403 514 2426 suum
540 2392 718 2425 colentibus

262 2443 363 2483 Opem
390 2439 474 2475 ferat
502 2441 664 2475 divinitus.

895 2094 926 2126 3.
952 2091 1037 2124 Dum
1063 2100 1159 2123 carne
1183 2090 1274 2123 vivus
1298 2088 1433 2128 exstitit,

952 2139 1078 2172 Fidelis
1101 2138 1135 2171 in
1159 2138 1270 2179 paucis
1297 2136 1368 2177 fuit,

954 2187 1050 2220 Unde
1074 2190 1148 2226 post
1173 2195 1263 2218 suum
1285 2185 1454 2217 transitum

954 2235 1096 2268 Intravit
1121 2235 1201 2267 coeli
1226 2234 1386 2275 gaudium.

921 2322 927 2328 .
952 2293 1115 2334 Hymnum
1142 2301 1291 2324 canamus
1316 2289 1447 2323 vocibus

952 2342 1133 2381 Precesque
1158 2341 1267 2373 demus
1294 2338 1454 2381 cordibus,

952 2391 1000 2424 Ut
1024 2390 1092 2429 ejus
1116 2388 1303 2421 intercessio

953 2438 1003 2471 Sit
1028 2437 1170 2469 criminis
1195 2435 1351 2469 remissio.
