1653 2637
6 192 9 195 -
0 0 18 159 ---·ι

754 172 795 176 -
847 152 913 188 165
967 174 1009 178 -

650 245 715 276 278.
746 245 789 277 De
809 247 919 277 sancta
939 245 1116 277 Elisabeth.

467 315 498 348 1.
525 315 677 347 Exsultet
698 315 801 356 J'ubilo
829 317 918 349 curia
943 317 1031 360 caeli,

525 364 620 396 Felix
644 364 815 396 Elisabeth
840 366 985 404 pondere
1010 365 1115 396 carnis

526 410 678 444 Gaudens
703 412 787 444 hanc
811 413 893 444 adiit
917 415 1097 446 exonerata.

467 470 498 501 2.
522 468 639 500 Mundi
664 469 796 508 tempsit
821 478 897 509 opes
923 472 955 500 et
979 478 1077 509 genus
1102 470 1211 512 altum,

523 515 570 548 Ut
596 516 686 548 dives
709 515 804 548 fieret
829 520 860 548 et
884 525 1037 557 generosa

527 562 642 595 Coram
667 566 760 603 patre
783 573 839 596 suo
866 567 980 596 cuncta
1004 567 1144 605 regente.

469 622 501 654 3.
528 620 602 653 Non
627 619 784 653 frustrata
808 622 878 661 spei
903 623 991 653 satur
1016 621 1152 661 opimae,

528 667 606 700 Gum
628 668 755 708 glebam
781 669 933 701 decorent
956 669 1098 709 corporis
1122 669 1199 701 almi

529 715 690 748 Virtutum
716 717 805 748 varie
829 717 937 748 sidera
964 717 1061 749 clara.

469 773 501 804 4.
529 771 626 812 Cujus
651 772 794 804 membra
817 771 920 804 fluunt
943 771 1061 804 flumen
1082 773 1168 812 olivi,

527 819 619 858 Quod
645 828 714 851 cum
739 819 873 852 latificet
898 828 1039 860 quosque
1057 818 1181 861 fideles,

528 866 651 899 Tristat
674 866 844 907 perfidiam
868 867 1048 899 schismatis
1074 867 1146 900 atri.

469 926 499 956 5.
525 923 633 963 Ipsius
657 924 780 956 meritis
805 925 984 964 propitiare

527 971 639 1011 Nobis,
668 971 794 1003 Christe
818 973 907 1013 Jesu,
934 980 974 1003 ne
998 972 1083 1003 mala
1109 971 1261 1002 damnent

526 1018 642 1051 Mundi
666 1019 734 1051 vita
758 1028 840 1059 reos,
867 1020 925 1051 sed
950 1019 1034 1051 bona
1059 1018 1171 1050 salvet.

469 1077 500 1108 6.
525 1076 625 1108 Trino
657 1076 741 1108 doxa
764 1076 833 1108 Deo
857 1084 975 1116 perpes
1002 1079 1034 1107 et
1057 1076 1123 1116 uni,

529 1122 589 1161 Qui
613 1124 713 1163 gratis
738 1124 882 1156 tribuens
908 1124 1029 1163 optima
1054 1131 1205 1162 quaeque,

527 1170 565 1202 In
594 1171 713 1202 sanctis
738 1171 872 1210 propria
898 1171 981 1202 dona
1007 1179 1147 1202 coronai.

302 1244 411 1278 Hymn.
443 1253 496 1272 ms.
521 1245 707 1280 Lignitiense
735 1253 810 1272 saec.
843 1243 886 1273 15.
937 1244 1005 1272 Cod.
1031 1245 1252 1272 Wratislavicn.
1280 1245 1296 1272 1
1322 1244 1345 1272 O
1373 1242 1419 1272 96.
1444 1245 1480 1272 A.
1507 1259 1515 1263 —

226 1283 337 1317 Hymn.
364 1291 418 1309 ms.
441 1283 629 1319 Lignitiensc
656 1291 731 1310 saec.
753 1280 828 1311 ¹⁵l16.
870 1282 939 1311 Cod.
960 1283 1183 1310 Wratislavien.
1200 1283 1216 1310 Ι
1237 1283 1260 1310 O
1282 1280 1347 1309 114.
1366 1283 1402 1309 B.
1420 1298 1454 1302 —
1481 1281 1504 1317 1,

226 1321 282 1348 hac
303 1321 379 1348 adiit
397 1321 432 1348 Α.
453 1335 490 1339 -
511 1318 541 1353 2,
571 1321 585 1348 1
607 1322 784 1357 contempsit
803 1322 863 1348 AB.
886 1336 922 1340 —
942 1319 974 1355 2,
1001 1319 1019 1349 3
1038 1323 1187 1357 regentem
1207 1321 1241 1348 B.
1261 1337 1298 1340 —
1318 1319 1351 1352 4,
1376 1319 1391 1348 1
1423 1321 1486 1356 *jus
1507 1322 1546 1356 133

226 1359 346 1394 olyvum
366 1360 401 1386 A.
421 1374 459 1378 —
478 1357 506 1392 4,
527 1356 545 1386 3
566 1360 627 1386 acri
647 1359 708 1386 AB.

655 1480 720 1511 279.
750 1480 794 1511 De
814 1480 924 1511 sancta
944 1479 1119 1510 Elisabeth.

228 1550 258 1582 1.
286 1546 435 1588 Exsulta,
463 1549 540 1581 Sion
565 1558 714 1590 superna,

289 1596 435 1629 Christus
461 1599 604 1629 sanctam
629 1598 787 1630 hodierna

285 1645 348 1678 Die
374 1645 464 1677 vexit
488 1645 531 1677 ad
555 1648 687 1678 aeterna
976 1645 1123 1677 Paradisi
1146 1643 1285 1685 flagrans
1311 1654 1393 1682 rosa,

333 1693 504 1725 Elisabeth
529 1693 661 1734 palatia.
1024 1692 1145 1725 Christi
1170 1692 1330 1724 adornans
1356 1692 1449 1725 atria.

226 1752 259 1783 2.
285 1747 426 1790 Lampas
451 1750 531 1782 haec
557 1753 606 1781 est
631 1753 664 1781 et
686 1751 826 1793 lucerna,
917 1752 948 1783 6.
975 1747 1092 1783 Botrus
1120 1750 1219 1789 Cypri
1248 1750 1427 1790 dulcorosa,

286 1797 391 1830 Nobis
417 1798 527 1829 lucens
552 1798 586 1829 in
613 1798 753 1830 cisterna
976 1797 1072 1829 Salva
1096 1806 1164 1837 nOS,
1191 1805 1232 1828 ne
1256 1798 1437 1837 procellosa

285 1845 399 1877 Noctis
424 1845 519 1885 hujus
546 1847 578 1876 et
601 1845 729 1877 interna
976 1844 1083 1886 Stygis
1108 1845 1142 1876 in
1164 1845 1356 1876 inluminosa

333 1893 497 1926 Mundans
524 1893 632 1925 divina
654 1893 767 1934 gratia.
1024 1892 1097 1924 Leti
1121 1893 1262 1924 locemur
1288 1893 1403 1932 patria.

226 1952 259 1985 3.
284 1947 354 1984 Ista
378 1949 458 1982 felix
484 1953 533 1982 est
554 1950 650 1982 beata
919 1951 951 1983 7.
978 1946 1173 1990 Egrotarum
1198 1949 1381 1989 salubritas,

286 1998 489 2039 Ungarorum
517 1998 602 2039 regis
627 2001 714 2039 nata,
976 1998 1159 2039 Egenorum
1186 1999 1350 2036 saturitas,

282 2047 381 2088 Regis
407 2055 519 2087 regum
545 2047 740 2086 desponsata
979 2046 1071 2078 Vitae
1097 2046 1245 2078 clarescit
1269 2047 1423 2078 sanctitas

333 2095 405 2128 Jam
433 2097 606 2136 conregnat
628 2095 664 2126 in
687 2095 799 2135 gloria.
1024 2094 1069 2126 Et
1095 2094 1204 2126 divina
1228 2094 1420 2135 benignitas.

224 2155 257 2187 4.
284 2151 364 2187 Zelo
392 2152 513 2186 Christi
535 2151 744 2193 inflammata,
917 2154 949 2186 8.
977 2150 1033 2192 Te,
1060 2161 1182 2185 summa
1207 2152 1295 2184 Deus
1320 2152 1458 2192 trinitas,

917 1551 949 1583 5.
975 1547 1066 1583 Audi
1090 1559 1157 1590 nos,
1183 1558 1200 1581 o
1226 1549 1378 1591 gratiosa,

972 1597 1079 1629 Mater
1103 1599 1214 1628 nostra
1238 1605 1401 1637 generosa,

284 2202 401 2234 Mundi
425 2210 576 2241 pompam
601 2203 784 2242 aspernata,

284 2249 386 2281 Nobis
413 2252 462 2281 est
487 2249 668 2289 exemplum
694 2249 779 2290 data,

333 2297 425 2336 Quod
451 2297 580 2338 dignum
607 2299 657 2328 est
680 2297 843 2330 memoria.

976 2200 1099 2233 Nostra
1123 2201 1211 2232 canit
1234 2200 1406 2239 humilitas,

977 2248 1097 2288 Quibus
1123 2248 1271 2281 coelestis
1298 2248 1410 2280 civitas

1025 2296 1075 2328 Sit
1097 2297 1249 2337 perennis
1272 2297 1467 2329 haereditas.

301 2373 407 2400 Diui-n.
427 2381 482 2400 ms.
502 2372 749 2400 Hildeshemense
768 2380 844 2400 saec.
867 2368 911 2398 15.
950 2371 1020 2399 Cod.
1041 2372 1300 2408 Guelfenbyteran.
1322 2373 1351 2400 H
1372 2371 1438 2401 621.
1458 2373 1492 2401 A.
1514 2388 1552 2392 —

225 2412 330 2439 Dium.
360 2420 414 2438 ms.
443 2410 687 2448 Steterburgense
714 2419 791 2438 saec.
814 2408 858 2437 15.
903 2408 972 2437 Cod.
1000 2410 1256 2447 Guelfenbyteran.
1282 2412 1313 2439 H
1342 2410 1425 2440 1400.
1452 2412 1485 2440 B.
1512 2428 1551 2432 —

224 2449 310 2479 Nach
327 2448 385 2476 Str.
407 2448 424 2477 5
445 2450 563 2477 Divisio
584 2450 617 2477 B.
637 2464 674 2468 —-
695 2447 721 2484 6,
743 2446 762 2477 3
782 2448 880 2484 Stiges
900 2448 1072 2476 illuminosa
1090 2449 1130 2486 A3
1152 2449 1236 2486 Stige
1256 2450 1307 2478 sed
1327 2451 1501 2479 illuminota
1516 2452 1550 2479 B.
