1653 2637
705 120 965 154 —116—

533 217 563 248 5.
590 215 676 247 Laus
699 216 783 255 patri
808 216 850 247 sit
875 223 943 246 cum
968 214 1044 254 filio,

596 262 710 295 Sancto
736 262 829 294 simul
853 261 1019 302 paraclito,

590 310 685 348 Quem
713 310 876 341 laudemus
903 317 973 340 cum
998 308 1120 341 cantico

588 357 648 389 Ex
672 365 784 388 more
810 356 927 388 docti
952 356 1144 395 mystico,

254 449 338 477 Brev.
367 448 558 477 sleswicense
587 450 658 483 imp.
685 448 818 477 Sleswici
845 445 925 475 1512.
952 448 986 475 A.
1015 462 1050 467 -
1076 449 1160 476 Brev.
1185 448 1392 477 Aarhusiense.
1417 450 1486 486 imp.

179 486 343 515 Aarhusiae
365 484 446 514 1519.
466 488 498 514 Β.
520 501 556 506 -
579 485 602 520 1,
624 485 642 513 2
663 486 754 513 micat
775 486 811 513 de
830 486 865 513 B.
885 499 922 503 —
942 483 968 519 5,
990 483 1007 513 3
1029 486 1121 520 Quem
1139 486 1293 514 laudamus
1312 487 1347 514 Β.

639 613 699 645 188.
733 613 777 644 Dc
797 614 907 645 sancta
926 614 1024 645 Anna.

183 770 215 802 1.
243 768 346 808 Salve,
372 777 488 808 parens
514 770 617 810 Anna,

239 816 378 848 illuxisti
402 816 476 857 late,

241 863 329 896 Coeli
353 862 458 895 ferens
483 873 599 895 manna

238 910 334 942 Vitae
358 911 535 943 sanctitate.

186 978 216 1008 2.
243 975 356 1008 Electa
381 975 480 1016 fuisti,

240 1023 330 1062 Quod
354 1023 398 1054 sis
422 1027 523 1055 mater
550 1023 668 1056 Christi

239 1069 361 1110 Matris
391 1071 510 1102 mundo
534 1070 621 1101 tristi

242 1116 348 1148 Vitam
374 1118 519 1156 genuisti.

183 1185 215 1216 3.
242 1182 403 1215 Castitatis
424 1184 526 1223 testis,

239 1229 334 1269 Ligni
359 1229 444 1263 vitae
467 1230 606 1262 fructum

243 1276 345 1308 Carne
369 1280 480 1309 sancta
502 1278 609 1319 vestis,

238 1323 327 1355 Evae
352 1327 476 1356 mutans
500 1325 628 1356 luctum.

711 691 760 720 Ad
779 691 935 729 Vesperas.

862 770 894 803 4.
923 770 947 802 O
975 770 1076 802 dulcis
1099 770 1215 812 Maria,

919 817 1019 849 Matri
1043 818 1197 858 meruisti,

921 864 1011 903 Quod
1035 865 1139 903 possit
1162 866 1196 897 in
1220 865 1274 897 via

920 911 974 943 Sic
999 911 1144 943 sublimis
1169 912 1249 946 sisti.

862 979 893 1011 5.
919 979 1000 1019 Ave,
1025 977 1123 1009 maris
1147 978 1250 1018 stella,

919 1024 1104 1056 Trementes
1131 1024 1275 1057 conforta

918 1071 983 1103 Sub
1007 1072 1118 1103 mundi
1142 1073 1295 1114 procella,

917 1118 1010 1150 Felix
1035 1119 1115 1150 coeli
1139 1122 1242 1159 porta.

861 1186 892 1218 6.
919 1184 980 1216 Dei
1003 1187 1106 1216 mater
1134 1186 1228 1225 alma,

918 1231 970 1263 Da
993 1233 1146 1272 triumphi
1172 1233 1264 1273 dona,

919 1279 958 1310 In
983 1280 1134 1311 virtutum
1159 1280 1266 1319 palma

919 1325 1089 1357 vincentes
1115 1335 1240 1359 corona.

623 1391 654 1422 7.
680 1389 727 1422 Sit
753 1391 822 1422 laus
847 1391 914 1423 Deo
939 1392 1035 1431 patri.

260 1473 345 1500 Brev.
364 1473 554 1502 Nidrosiense
573 1475 642 1510 imp.
662 1474 786 1502 Parisiis
805 1473 886 1503 1519.

638 1603 699 1634 189.
732 1603 775 1634 De
794 1603 903 1635 sancta
923 1605 1020 1636 Anna.

680 1679 728 1709 Ad
749 1680 986 1718 Gompletorium.

184 1756 214 1788 1.
241 1754 466 1788 Praesentatur
491 1756 586 1790 hodie

241 1804 334 1835 Anna
358 1803 426 1844 regi
450 1804 570 1844 gloriae

289 1850 365 1882 Cum
390 1850 515 1890 hymnis
541 1855 571 1882 et
596 1852 763 1893 laudibus3

237 1896 326 1929 Haec
348 1897 487 1930 Mariam
511 1900 647 1940 peperit,

240 1944 304 1976 Per
329 1954 421 1984 quam
447 1946 591 1979 Christus
616 1948 720 1986 aperit

288 1991 397 2023 Sinum
421 1994 644 2031 poenitentiae.

186 2058 219 2089 2.
244 2056 347 2089 Datur
370 2058 405 2089 in
430 2058 618 2091 coelestibus

238 2105 268 2135 A
294 2107 474 2136 sanctorum
498 2105 619 2137 viribus

287 2152 401 2184 Annae
425 2152 584 2193 salutatio,

239 2199 367 2231 Laudat
389 2200 500 2231 matris
525 2200 658 2241 viscera,

239 2247 367 2279 Laudat
390 2247 500 2278 matris
525 2247 624 2280 ubera

287 2295 369 2326 Tota
393 2295 472 2325 coeli
496 2295 616 2329 concio.

862 1761 893 1793 3.
920 1760 1019 1801 Roga,
1045 1764 1157 1802 mater,
1183 1761 1292 1805 filiam,

919 1808 1067 1841 Paradisi
1092 1810 1208 1842 curiam

952 1856 1048 1888 Move
1072 1857 1135 1888 tuis
1158 1857 1328 1899 precibus3

918 1903 981 1935 Per
1003 1906 1037 1935 te
1063 1904 1155 1935 detur
1176 1906 1281 1945 venia,

916 1950 1014 1982 Fluat
1036 1950 1128 1982 nobis
1154 1952 1258 1991 gratia

962 1996 1012 2028 De
1038 1996 1155 2030 Christi
1181 2000 1366 2034 visceribus,

859 2065 892 2095 4.
917 2062 1055 2094 Fructus
1078 2066 1201 2097 ventris
1225 2066 1370 2108 virginis,

914 2110 1012 2142 Unda
1036 2111 1083 2142 tui
1107 2112 1268 2152 sanguinis

965 2158 1082 2198 Gulpas
1105 2162 1231 2192 nostras
1258 2160 1361 2203 dilue;

918 2205 1005 2236 Audi
1025 2207 1166 2247 mat-rem,
1194 2207 1271 2249 filia,

920 2252 1008 2283 Inter
1032 2261 1129 2297 rosas,
1157 2254 1227 2287 lilia

966 2299 1066 2331 Nobis
1090 2301 1194 2333 locum
1219 2303 1334 2337 tribue.

255 2378 359 2406 Diurn.
381 2386 435 2406 ωε.
455 2378 696 2409 Kirchheimense
715 2389 790 2409 saec.
814 2380 857 2411 15.
898 2382 965 2411 Ood.
986 2384 1175 2423 Madhingen.
1195 2387 1227 2415 Π
1249 2385 1273 2415 l.
1296 2386 1328 2416 80
1349 2388 1393 2419 18.
