1653 2637
401 1816 454 1850 10.

400 2015 454 2048 11.

400 2215 456 2249 12.

717 86 953 122 -14—

494 177 602 214 Bonus
626 183 790 221 praedixit
812 183 926 215 Esaias
951 186 1057 216 vates:

492 228 588 269 Ecce,
612 230 646 261 in
671 230 768 263 vulva
790 230 879 270 virgo
906 230 1080 273 generabit,

493 276 616 308 Nomen
643 277 784 316 ejusdem
809 279 893 317 quod
918 278 1149 317 interpretatur

538 323 712 356 Nobiscum
736 324 834 357 Deus,

492 382 587 418 Coelo
615 384 763 418 dimissus
792 384 922 418 Gabriel
948 385 1081 418 salutem

493 432 532 464 In
554 431 744 464 Gallilaeam
769 433 883 472 virgini
910 432 1034 472 detulit,

491 478 614 511 Gaudio
643 479 754 511 mundi
778 480 925 513 nuntiare
950 480 1035 513 venit

539 525 649 558 Terris
674 529 851 559 venturum.

490 589 617 625 Dudum
638 591 706 634 jam
731 593 819 633 virgo
847 594 1037 633 desponsata
1062 598 1130 627 erat

489 640 590 671 Proco
615 639 735 672 famoso
762 641 876 673 annulo
901 642 1042 684 pudoris,

488 685 617 730 Joseph‚
645 688 698 726 qui
722 696 881 728 nunquam
906 688 1020 729 copuia
1040 690 1141 730 jugali

537 734 678 774 Corpore
701 735 808 775 gessit.

456 825 462 831 .
487 795 538 832 Ec
562 803 646 832 casto
674 800 790 841 degens
818 809 951 841 corpore
974 803 1090 844 puella,

487 847 586 885 Quam
610 848 657 879 sic
679 848 840 889 ingressus
865 850 995 889 angelus
1020 851 1210 890 compellat:

489 893 571 934 Ave,
597 895 712 935 Maria,
739 895 841 935 gratia
866 897 971 939 plena,

534 940 688 974 Dominus
712 945 828 976 tecum.

452 1028 459 1035 .
487 1000 638 1036 Festinus
662 1008 736 1043 post
760 1005 840 1037 haec
864 1006 993 1045 angelus
1018 1007 1182 1047 adjunxit:

485 1050 587 1083 Beata
612 1051 674 1082 eris
698 1052 783 1083 inter
807 1053 955 1085 mulieres

485 1097 530 1129 Et
553 1097 739 1131 benedictus
764 1098 887 1133 fructus
913 1100 1033 1132 ventris
1057 1101 1111 1140 tui,

535 1146 621 1183 Quae
646 1146 821 1180 credidisti.

454 1238 460 1244 .
489 1207 639 1244 Gaudens
663 1212 698 1243 in
722 1213 821 1245 verbo
846 1214 903 1246 sed
927 1214 1058 1246 turbata
1079 1214 1182 1256 virgo,

490 1257 647 1299 Cogitans‚
675 1268 730 1291 cur
755 1260 798 1291 sit
820 1261 867 1293 ita
890 1261 1038 1302 salutata,

486 1305 649 1344 Quomodo
673 1310 808 1346 possunt
830 1306 912 1350 fieri,
939 1317 1019 1348 quae
1047 1309 1135 1349 dicis,

532 1354 655 1393 Angele
677 1353 738 1385 Dei
747 1354 762 1384 ‘r

451 1443 457 1450 .
484 1415 568 1451 Hinc
591 1420 760 1452 adsecutus
787 1420 917 1453 Gabriel
939 1421 1068 1454 affatus:

485 1466 631 1498 Inclitam
657 1468 781 1506 prolem
804 1470 894 1500 utero
918 1469 1069 1510 gestabis,

483 1513 629 1546 Numinis
655 1515 738 1547 altus
762 1514 847 1548 filius
874 1519 1005 1548 vocatur

531 1561 571 1593 In
597 1562 834 1601 sempiternum.

452 1642 458 1648 .
485 1614 637 1658 Inquiens
663 1619 752 1660 virgo
777 1620 923 1660 angelum
947 1622 1150 1660 perquirens:

480 1666 642 1704 Quomodo
666 1670 801 1705 possunt
823 1666 903 1707 fieri,
931 1677 1011 1707 quae
1036 1669 1126 1711 dioiS,

478 1712 573 1745 Unde
597 1713 657 1745 hoc
681 1714 802 1748 seiam2
828 1715 930 1746 virum
955 1725 1019 1748 non
1045 1719 1184 1758 cognovi,

528 1761 652 1801 Angele
675 1760 748 1795 Dei.

480 1814 587 1850 Karus
611 1821 744 1858 repente
766 1819 895 1851 nuntius
921 1821 1105 1860 respondit:

482 1864 619 1905 Spiritus
645 1869 772 1898 sanctus
797 1876 893 1906 super
916 1870 949 1899 te
975 1869 1147 1901 descendet

482 1912 617 1953 moiseo,
645 1916 789 1945 sanctum
815 1915 899 1954 quod
923 1916 993 1954 erit,
1020 1919 1154 1949 vocatur

525 1959 627 1991 Filius
651 1959 723 1992 Dei.

479 2013 597 2049 Libens
623 2019 699 2048 tunc
722 2017 813 2058 virgo
838 2018 950 2058 angelo
977 2020 1153 2052 consensit:

479 2063 576 2103 Ecce,
603 2064 719 2096 ancilla
743 2063 873 2097 Domini
896 2075 965 2097 sum
992 2075 1058 2106 ego,

482 2110 653 2152 Contingat
675 2112 754 2144 mihi
776 2113 868 2153 juxta
891 2115 1024 2147 verbum
1048 2117 1147 2156 tuum,

530 2158 619 2191 Sicut
645 2158 763 2191 dixisti.

482 2212 557 2248 Mox
585 2215 701 2248 Caesar
727 2216 817 2248 dedit
840 2218 1001 2258 Augustus
1028 2218 1189 2252 decretum

483 2262 624 2295 Mundus
649 2266 685 2295 ut
708 2265 793 2295 totus
818 2267 935 2297 tomum
961 2266 1164 2311 scriberetur,

483 2310 577 2342 Fecit
602 2310 726 2343 Cirinus
753 2312 959 2352 scriptionem
982 2313 1113 2353 primus,

530 2357 641 2399 Syriae
666 2361 780 2392 rector.
