1653 2637
718 100 957 136 —40-

622 191 661 223 61.
690 191 726 224 In
746 193 853 225 Sancti
875 191 1059 225 Salvator-is.

676 259 725 289 Ad
745 260 833 298 Vesp.
855 263 884 291 et
902 259 997 290 Laud.

190 328 221 360 1.
247 328 407 367 Apparuit
433 329 612 369 benignitas
870 331 902 362 4.
929 329 1045 361 Sacrae
1070 329 1152 361 latus
1175 329 1321 370 imaginis

247 376 477 416 omnipotentis
502 376 639 414 Domini,
928 375 1029 408 Ferro
1055 374 1234 408 confossum
1259 377 1426 416 scinditur,

248 421 358 454 Noctis
382 423 545 455 illustrans
571 424 697 455 semitas
927 425 1039 463 Aquae
1064 424 1150 455 rivus
1177 428 1208 456 et
1231 424 1392 463 sanguinis

250 470 294 502 Et
317 470 457 502 reddens
483 479 592 502 caecos
618 471 737 504 lumini.
927 470 1020 502 Foris
1045 470 1184 503 ubertim
1210 470 1357 502 mittitur.

188 528 218 560 2.
244 527 316 559 Pati
342 527 489 567 dignatur
512 528 626 559 iterum
871 529 901 559 5.
929 527 1028 560 Sanat
1048 536 1249 568 quoscunque
1272 526 1439 567 languidos

246 575 313 607 Rex
337 576 449 614 potens
473 574 507 606 in
533 574 715 616 certamine,
928 574 1062 616 Sanguis
1087 584 1107 607 a
1130 574 1215 616 ligno
1241 574 1397 614 proditus,

247 622 292 654 Ut
317 622 426 653 credat
451 630 548 661 genus
573 622 722 654 miserum
926 623 963 654 In
989 622 1107 656 Christi
1130 622 1226 655 laude
1250 621 1391 654 fervidos

244 668 383 700 Verbum
408 669 510 708 patris
534 669 568 700 in
593 670 729 703 homine.
924 670 1045 702 Reddit
1069 670 1125 703 lux
1149 671 1246 702 missa
1272 670 1414 703 coelitus.

188 726 220 758 3.
248 726 398 758 Sanctum
425 725 544 758 Christi
564 727 765 767 persequitur
871 728 902 759 6.
929 727 1066 766 stupens
1091 727 1214 759 Judaea
1239 727 1323 759 natio

248 773 370 805 Nomen
395 773 520 806 Judaea
544 773 660 814 rabies,
930 774 1078 806 Sanctum
1105 775 1263 814 baptisma
1287 775 1429 817 suscipit,

246 820 334 853 Diris
358 818 467 861 flagris
492 819 632 853 afficitur
927 822 1099 854 Rectorum
1123 822 1285 862 generatio

246 868 326 908 Ejus
353 868 453 900 dulcis
480 867 611 908 effigies.
929 869 983 901 Sic
1005 870 1233 901 incrementum
1258 870 1373 909 rapuit.

554 927 583 957 7.
609 923 695 957 Laus
719 925 789 968 tibi,
816 925 941 958 Christe
968 925 1113 967 Domine,

604 972 662 1012 Qui
687 972 784 1005 solvis
809 976 918 1005 nostra
942 973 1079 1012 vincula,

604 1020 693 1052 Patri
719 1028 789 1052 cum
815 1023 924 1052 sancto
949 1018 1075 1053 flamine

603 1068 642 1100 In
666 1068 860 1107 sempiterna
884 1068 1021 1102 saecula.

264 1132 347 1159 Brev.
376 1140 428 1159 ms.
450 1135 475 1159 ,8
499 1132 654 1159 Tiinitatis
678 1134 710 1159 in
729 1132 854 1168 Alpibus
882 1134 952 1160 anni
974 1131 1055 1161 1455.
1097 1133 1165 1161 Cod.
1186 1134 1375 1161 Laurentian.
1403 1133 1493 1161 GonV.

185 1177 245 1204 sup
248 1167 338 1197 .512.
366 1169 430 1197 add.
459 1178 533 1197 saec.
563 1168 606 1196 15.
627 1170 661 1196 A.
688 1185 727 1190 -——
748 1171 931 1198 Breviarimn
950 1170 1227 1199 vallumbrosanum
1246 1173 1315 1208 imp.
1336 1180 1359 1199 3.
1379 1171 1398 1199 1.
1420 1175 1450 1199 et
1469 1180 1494 1198 a.

183 1208 220 1235 Β
244 1222 281 1226 --
299 1205 327 1240 4,
350 1206 367 1234 2
388 1208 486 1235 conso
489 1216 538 1235 sus
555 1207 614 1234 AB.

615 1328 661 1360 62.
690 1329 727 1360 In
746 1329 852 1361 Sancti
872 1329 1054 1362 salvatoris.

701 1396 751 1426 Ad
771 1396 961 1428 Nocturnum.

184 1466 213 1496 1.
240 1464 318 1505 Regi
344 1473 480 1504 superno
505 1465 644 1504 psallite,
865 1469 897 1501 4.
922 1468 1030 1507 Imago
1057 1467 1175 1500 Christi
1199 1469 1343 1500 caeditur

242 1511 300 1550 Qui
325 1510 403 1543 facit
426 1512 594 1553 mirabilia,
924 1514 1022 1555 Septa
1047 1523 1163 1547 corona
1187 1515 1308 1556 spinea,

241 1558 285 1590 Et
305 1559 499 1591 admirantes
526 1561 645 1592 cernite
923 1562 1024 1602 Ligno
1051 1562 1149 1596 clavis
1174 1561 1317 1603 affigitur

242 1606 416 1639 Salvatoris
441 1607 597 1648 prodigia.
920 1609 965 1641 Et
989 1608 1172 1649 perforatur
1194 1611 1315 1642 lancea.

181 1665 213 1696 2.
239 1663 322 1695 Dum
348 1664 540 1696 Judaeorum
564 1665 704 1704 pessima
864 1668 895 1699 5.
923 1667 947 1699 O
973 1675 1024 1698 res
1049 1667 1145 1699 valde
1169 1667 1325 1700 mirabilis

236 1711 347 1750 Beryti
373 1712 474 1743 saevit
499 1712 616 1755 concio,
921 1714 1038 1754 Magno
1063 1715 1206 1747 tollenda
1230 1715 1366 1758 nomine,

241 1757 358 1790 Christi
382 1759 539 1798 quondam
566 1760 735 1792 durissima
923 1761 1051 1802 Species
1076 1762 1271 1795 insensibilis

236 1805 467 1839 Renovellatur
491 1808 607 1847 passio.
919 1811 1012 1850 Aqua
1035 1809 1106 1842 fluit
1132 1814 1164 1842 et
1188 1812 1350 1851 sanguine.

181 1865 211 1896 3.
239 1863 296 1902 Qui
324 1863 442 1895 dudum
468 1863 692 1897 crucifixerant
862 1867 892 1899 6.
919 1866 982 1898 Hic
1008 1875 1100 1898 cruor
1125 1875 1236 1907 aegros
1261 1868 1379 1899 liberat

235 1911 368 1942 Aeterni
391 1911 495 1951 patris
520 1911 630 1955 filium,
917 1914 947 1945 A
970 1915 1068 1945 variis
1092 1914 1307 1958 languoribus,

234 1957 313 1997 EJus
337 1959 461 1990 iconam
485 1959 629 1991 lacerant
920 1961 1075 1993 Christum
1103 1961 1235 1993 Judaeis
1260 1966 1392 2004 reserat,

233 2004 279 2036 Et
301 2009 423 2044 ponunt
447 2007 480 2037 iu
506 2006 722 2046 opprobrium.
919 2008 1001 2046 Quos
1026 2009 1125 2040 sacris
1147 2009 1253 2049 jungit
1279 2009 1402 2043 ovibus.

573 2064 603 2096 7.
630 2062 685 2105 Te,
712 2072 834 2095 summa
857 2063 943 2095 Deus
969 2064 1106 2104 trinitas,

630 2109 797 2142 Collaudet
821 2111 921 2143 omnis
947 2111 1090 2151 spiritus,

628 2157 711 2195 Quos
736 2166 794 2197 per
819 2159 922 2190 crucis
946 2159 1131 2198 mysterium

628 2204 750 2245 Salvas,
776 2214 851 2246 iege
874 2214 933 2247 per
957 2208 1093 2238 saecula.

248 2269 333 2297 Br.ev
360 2277 412 2296 ms.
434 2269 464 2297 S.
482 2270 636 2298 Trinitatis
663 2272 694 2297 in
713 2269 770 2307 Aip
772 2272 838 2299 ibus
865 2273 935 2299 anni
956 2270 1038 2299 1455.
1079 2271 1482 2305 Ood.Lau1-entiau.00nv.

172 2316 226 2344 sup
263 2305 326 2335 512.
351 2307 415 2335 add.
435 2316 511 2335 saec
534 2306 577 2336 15.
597 2309 632 2336 A.
653 2324 690 2328 —
710 2309 1093 2338 B1·ev.Vallumbrosanum
1114 2312 1185 2347 imp.
1209 2321 1231 2339 s.
1252 2313 1272 2340 l.
1295 2315 1324 2341 et
1344 2321 1369 2341 a.
1391 2315 1424 2343 Β.
1447 2331 1483 2336 —

171 2344 198 2380 2,
207 2317 237 2374 ΡΞ
256 2346 389 2374 Berinthi
409 2346 469 2373 AB.
492 2361 529 2366 —
550 2343 576 2380 3,
598 2344 616 2374 3
636 2347 764 2375 iconiam
783 2347 844 2382 ΑΒ,
864 2349 1013 2376 laeserant
1030 2350 1064 2377 Β.
1086 2363 1121 2367 -
1136 2348 1162 2383 5,
1185 2348 1202 2377 2
1222 2350 1346 2379 tollendi
1364 2353 1425 2381 AB.
1447 2371 1483 2375 -

170 2383 195 2420 6,
216 2381 234 2412 3
254 2384 361 2413 Judaei
380 2384 439 2420 AB,
460 2387 591 2413 reserant
611 2386 644 2413 B.
