1653 2637
171 228 226 261 17.
241 227 408 270 Crucifixe,
437 227 625 260 famulorum
856 228 909 260 18.
925 226 1072 259 Summae
1094 231 1223 260 sanctae
1248 228 1381 260 trinitati

289 275 330 307 da
356 275 481 308 delictis
506 276 641 316 veniam,
971 275 1013 306 sit
1041 275 1142 307 honor
1166 278 1198 307 et
1221 276 1330 317 gloria,

240 323 313 355 Tibi
337 324 380 354 sit
405 332 472 355 cum
498 326 591 363 patre
615 326 723 356 sancto
922 323 969 356 Ut
991 323 1140 354 laudetur
1167 332 1277 355 nomen
1304 326 1402 363 tuum,

286 371 463 411 spirituque
487 371 598 411 gloria.
969 370 1052 401 dona
1075 370 1315 411 indulgentiam.

244 455 331 483 Grad.
352 464 404 483 ms.
420 455 448 483 S.
462 455 617 483 Laurentii
637 457 668 483 in
683 456 798 483 Verane
819 463 894 482 saec.
917 451 990 482 1‘'ln.
1022 454 1092 481 eod.
1106 455 1263 492 Angelicus
1282 456 1303 483 B
1316 456 1363 483 ΠΙ
1379 453 1422 483 18.
1438 469 1473 473 -

166 493 250 522 Nach
271 493 354 529 jeder
375 493 500 530 Sti-ephe
523 494 696 521 wiederholt
721 493 783 521 sich
804 493 855 520 der
873 492 1041 521 Rundreim.
1062 507 1100 511 —
1122 491 1154 527 8,
1181 494 1198 521 ὅ
1218 494 1275 521 Pro
1297 493 1397 521 dolore
1418 493 1474 520 duo

167 540 249 568 pene.
270 546 308 550 —
330 529 373 566 13,
399 530 416 558 2
436 540 495 559 non
516 540 683 569 aequamur.
705 546 740 550 -
764 530 807 564 15,
828 529 846 559 3
865 531 923 558 His
944 531 1071 559 veribus.
1092 547 1129 552 —-
1151 530 1194 564 16,
1219 530 1232 559 1
1257 532 1306 559 Sic
1325 533 1417 567 pater.
1437 545 1474 549 —

168 568 212 604 18,
235 568 250 597 1
270 571 422 598 trinitatis.

620 680 672 710 42.
703 679 737 711 In
758 679 945 711 Ascensione
965 679 1021 711 DN.

169 753 199 785 1.
226 752 383 784 Ascendit
405 752 438 783 in
465 751 568 783 coelos
592 750 689 790 Deus,
851 751 883 784 4.
909 750 962 782 1111
987 750 1103 789 repleti
1128 750 1242 790 gaudio

227 800 385 832 Altissimi
411 799 517 839 proles
541 798 613 836 Dei,
910 797 1000 829 Haec
1021 797 1186 829 audientes
1212 799 1325 830 conciti

227 848 322 887 Cujus
347 847 469 879 levatus
496 846 628 878 dextera
910 845 948 876 In
972 844 1061 876 urbis
1087 844 1172 877 altae
1195 846 1319 877 moenia

225 896 415 934 Assumptus
445 898 491 925 est
516 894 549 925 in
575 894 714 926 aethera.
910 891 951 924 Se
975 892 1172 932 gratulanter
1197 892 1371 926 conferunt.

171 954 202 984 2.
229 951 365 984 Stabant
390 952 451 983 duo
475 951 543 982 illic
567 950 671 990 angeli
853 951 883 982 5.
910 949 972 981 Hic
996 957 1121 988 semper
1146 951 1179 981 in
1204 951 1372 982 coenaculo

229 999 321 1031 Albis
348 998 456 1030 amicti
480 998 631 1040 vestibus,
911 996 1046 1036 Jejuniis
1072 1005 1110 1028 ac
1133 997 1281 1029 laudibus

230 1046 289 1085 Qui
314 1055 391 1078 voce
417 1046 503 1077 clara
528 1046 687 1085 apostolos
910 1044 1060 1076 Vacando
1088 1048 1231 1076 sanctum
1255 1046 1405 1076 invocant

228 1093 375 1126 Affantur
399 1094 448 1125 his
474 1093 687 1124 sermonibus:
910 1091 954 1124 Et
977 1091 1214 1131 praestolantur
1239 1093 1394 1132 spiritum.

171 1153 201 1184 3.
230 1151 308 1190 Viri,
336 1151 412 1190 quid
438 1150 639 1182 admiramini
853 1150 882 1182 6.
909 1148 954 1180 Et
977 1157 1034 1180 nos
1059 1148 1106 1179 tui
1127 1158 1220 1184 1111110,
1237 1150 1357 1182 servuli

228 1198 358 1230 Sursum
383 1200 507 1229 tuentes
532 1195 663 1229 sidera?
911 1197 957 1228 Te
983 1196 1191 1235 deprecamur
1215 1197 1388 1238 supplices,

228 1245 289 1277 Hic
313 1246 407 1278 Jesus
433 1245 506 1276 olim
532 1245 579 1275 sic
603 1244 697 1283 redit,
909 1243 954 1276 Ut
976 1243 1067 1274 nobis
1091 1247 1201 1276 sancte
1222 1245 1341 1285 Jugiter

226 1292 271 1325 Ut
296 1293 382 1325 visus
408 1297 456 1324 est
478 1300 562 1324 nunc
587 1292 751 1325 scandere.
910 1291 1000 1323 Assis
1031 1289 1167 1324 favendo
1193 1292 1332 1332 spiritus

568 1351 598 1382 7.
624 1348 693 1381 Deo
718 1349 801 1389 patri
829 1348 872 1379 sit
894 1348 1004 1388 gloria.

244 1435 329 1462 Brev.
355 1443 403 1461 ms.
429 1431 622 1469 Sangallense
648 1441 724 1460 saec.
748 1431 790 1459 11.
832 1431 899 1459 Cod.
921 1431 1088 1468 Sangallen.
1115 1430 1180 1461 387.
1201 1432 1235 1460 A.
1311 1433 1402 1460 Psalt.
1425 1442 1476 1460 ms,

167 1473 196 1500 S.
217 1473 372 1500 Laurentii
392 1472 522 1509 Sangalh
533 1481 560 1499 11.
582 1480 656 1499 saec.
680 1469 723 1498 15.
759 1470 827 1498 Cod.
842 1469 1010 1505 Sangallen.
1033 1468 1076 1497 16.
1098 1470 1130 1497 B.
1151 1486 1189 1490 —-
1209 1470 1234 1505 5,
1258 1469 1273 1498 1
1295 1471 1344 1499 Sic
1366 1480 1478 1507 “emper

166 1511 200 1538 B.
222 1526 258 1530 —
280 1509 306 1544 6,
327 1508 345 1539 3
365 1511 407 1539 Ut
426 1519 479 1538 nos
501 1512 602 1537 sancte
621 1510 655 1536 A.

621 1621 670 1652 43.
700 1621 744 1652 De
763 1620 876 1652 Sancto
898 1618 1027 1659 Spiritu.

708 1688 757 1718 Ad
777 1688 933 1725 Vesperas.

167 1762 197 1795 1.
226 1760 339 1793 Gratia
364 1763 428 1800 tua,
455 1760 596 1800 spiritus,
851 1759 882 1791 4.
909 1757 984 1789 Sine
1008 1758 1041 1787 te
1063 1755 1143 1788 nihil
1168 1766 1344 1796 possumus,

224 1810 381 1841 Praesens
405 1808 447 1839 sit
471 1807 562 1839 nobis
589 1806 743 1845 omnibus,
910 1805 977 1837 Nos
1004 1812 1078 1843 ergo
1104 1812 1122 1835 a
1144 1807 1176 1836 te
1201 1804 1369 1847 poscimus,

224 1858 310 1896 Quae
337 1856 436 1888 corda
459 1857 569 1887 nostra
595 1854 703 1886 visitet
910 1852 956 1885 Ut
979 1859 1102 1891 preceS,
1129 1861 1206 1892 quas
1231 1861 1288 1884 nos
1305 1851 1476 1892 fundimus,

221 1907 329 1945 Atque
352 1904 386 1936 in
410 1904 455 1935 eis
479 1903 611 1935 habitet.
911 1900 1036 1940 Dignae
1060 1899 1125 1931 sint
1147 1900 1210 1931 tuis
1235 1900 1374 1934 auribus,

163 1966 195 1997 2.
221 1962 375 2003 Expulsis
400 1961 477 1994 inde
503 1960 588 1992 vitiis
854 1961 883 1992 5.
912 1958 975 1990 Per
1000 1959 1032 1988 te
1058 1956 1146 1996 quies
1170 1957 1213 1989 sit
1237 1961 1425 1998 temporum,

224 2011 269 2043 Et
294 2010 439 2043 omnibus
465 2009 595 2041 malitiis
914 2006 1007 2037 Vitae
1034 2004 1126 2037 detur
1151 2006 1308 2046 solatium,

222 2060 273 2092 Αο
297 2060 426 2091 nostrae
450 2057 565 2089 mentis
592 2055 733 2089 tenebris
911 2053 1005 2086 Pacis
1029 2052 1191 2086 redundet
1216 2054 1422 2098 commodum,

223 2107 322 2140 Simul
350 2115 418 2138 cum
444 2105 664 2138 immunditiis,
913 2101 1050 2134 Sedetur
1076 2109 1168 2133 omne
1192 2102 1389 2135 scandalum.

163 2168 194 2200 3.
222 2167 357 2198 Amator
382 2166 418 2195 tu
442 2163 608 2205 paraclite,
855 2161 885 2194 6.
911 2160 1047 2191 Praesta
1072 2158 1142 2200 hoc,
1168 2162 1262 2199 pater
1287 2160 1416 2201 optime,

221 2213 410 2247 Unctionem
437 2215 523 2244 tuam
549 2211 640 2243 mitte
914 2207 1049 2245 Christe,
1080 2209 1116 2237 tu
1140 2210 1214 2240 nate
1238 2208 1385 2249 maxime,

223 2261 319 2295 Cordi
340 2263 449 2293 nostro
476 2263 508 2292 et
532 2260 657 2292 animae
911 2256 1017 2295 Atque
1042 2257 1087 2293 tu,
1114 2257 1245 2296 spiritus
1271 2256 1363 2297 alme,

224 2309 301 2343 Cum
327 2312 381 2341 tuo
408 2309 493 2341 claro
519 2308 646 2341 lumine.
914 2303 973 2342 Qui
997 2312 1111 2343 regnas
1137 2305 1222 2336 omni
1247 2307 1400 2345 tempore.

239 2396 318 2424 Orat.
345 2404 398 2423 ms.
428 2403 503 2423 saec.
527 2392 570 2422 15.
612 2393 682 2421 Cod.
708 2390 878 2428 Sangallen.
904 2386 971 2416 482.
994 2403 1031 2408 —
1057 2389 1118 2417 Aus
1144 2391 1240 2418 einen]
1261 2390 1369 2418 Cursus
1396 2391 1432 2418 de
1452 2390 1480 2419 S.

166 2433 288 2469 Spiritu.
308 2449 345 2453 —
369 2432 394 2467 6,
416 2431 433 2462 3
453 2437 486 2461 tu
506 2436 607 2461 sancte
628 2432 750 2468 spiritus
771 2428 848 2457 alme
867 2428 922 2456 Hs.

221 2485 345 2513 Dreves,
362 2485 450 2514 Hymni
463 2485 562 2508 Ine-uti.
594 2484 626 2508 11.
1274 2474 1292 2505 3
