1653 2637
682 106 919 142 -91-

596 202 656 234 138.
687 202 729 233 De
752 199 993 232 confessoribus.

155 260 185 293 1.
211 261 393 294 Laudemus
421 261 540 294 Christi
565 263 711 302 gratiam,

206 307 431 342 Confessorum
458 311 679 350 constantiam,

206 357 347 396 Quorum
374 357 521 389 doctrina
546 356 670 398 fulgida

206 403 364 444 Splendet
387 407 490 437 mater
516 405 660 438 ecclesia.

148 464 179 495 2.
206 462 266 502 Qui
292 463 396 494 carnis
424 462 651 495 continentiam

204 509 378 542 Servantes
402 513 538 549 propter
560 510 731 542 Dominum

204 556 397 598 Fraglantes
422 558 511 589 velut
534 558 637 590 lilium

204 604 358 637 Reddunt
382 605 513 637 odorem
539 606 702 645 optimum.

833 263 863 295 3.
891 262 1041 302 Quorum,
1069 261 1166 302 Deus,
1195 261 1354 302 suffragiis

890 310 1034 342 Absolve
1058 318 1115 342 nos
1141 320 1160 342 a
1185 308 1332 352 vinculis,

890 357 1114 390 Peccaminum
1135 358 1306 396 resticulis,

892 404 1011 445 Quibus
1037 414 1208 446 gravamur
1233 405 1376 438 nimium.

833 464 865 496 4.
889 462 1033 506 Praesta,
1060 465 1153 504 pater
1176 463 1321 503 piissime

890 510 1044 550 Patrique
1069 519 1198 551 compar
1217 512 1312 543 unice

894 557 971 590 Cum
996 558 1113 598 spiritu
1137 559 1296 599 paraclito

894 607 987 638 Nunc
1013 610 1045 638 et
1068 615 1127 646 per
1152 615 1244 638 omne
1269 607 1442 640 saeculum.

221 671 306 699 Brev.
327 680 381 698 ms.
402 671 583 699 Benedictin.
604 679 680 699 saec.
703 669 746 699 12.
789 671 858 700 God.
878 672 987 700 Lucen.
1011 669 1092 700 1463.
1112 672 1147 699 A.
1169 686 1205 691 —
1224 672 1332 706 Hymn.
1354 681 1407 699 ms.
1428 670 1459 699 S.

144 709 347 737 scholasticae
367 709 504 737 Casinen.
532 718 609 737 saec.
639 707 682 737 15.
727 710 796 737 Cod.
819 710 953 737 Casinen.
980 708 1045 738 569.
1066 710 1099 737 B.
1122 725 1157 729 —-
1177 710 1263 739 BreV.
1292 718 1345 737 ms.
1366 711 1458 738 Bene-

144 748 213 775 dict.
233 747 384 775 Brixinen.
413 755 489 775 saec.
519 745 563 775 13.
605 747 674 775 God.
694 748 783 776 Univ.
805 749 966 776 Bononien-
987 746 1071 776 2493.
1093 748 1124 776 C.
1145 764 1183 769 —
1202 749 1269 776 Von
1289 747 1340 775 der
1360 749 1459 776 Doxo-

142 786 223 821 logie
242 794 298 813 nur
317 785 369 813 der
387 785 505 821 Anfang
525 785 559 812 B.

519 867 579 900 139.
609 868 653 900 De
673 868 819 909 pluribus
841 868 1078 901 consessoribus.

149 930 178 962 1.
206 929 336 961 Coelum
364 929 458 969 digne
482 929 650 969 tripudiat,

209 976 312 1008 Terra
337 976 461 1017 gaudiis
486 977 620 1017 intonat,

206 1023 396 1055 Sanctorum
420 1033 480 1063 pro
505 1024 667 1057 solemniis

206 1071 267 1103 His
294 1071 381 1103 orbis
406 1073 493 1104 totus
515 1072 643 1110 jubilat.

143 1131 176 1164 2.
203 1128 287 1167 Quos
322 1128 459 1160 mundus
484 1129 537 1160 hic
563 1129 637 1161 dum
662 1130 774 1172 tenuit,

201 1175 310 1208 Vitam
336 1175 449 1207 horum
476 1176 650 1218 obstupuit,

202 1222 293 1262 Quod
318 1225 448 1263 praeter
474 1232 600 1255 carnem
639 1224 774 1256 vixerint

201 1270 271 1302 Nec
295 1279 358 1302 non
383 1270 483 1310 signis
510 1271 692 1305 claruerint.

835 932 866 964 3.
892 930 1015 962 Horum
1042 939 1115 970 ergo
1140 930 1324 970 precatibus

895 978 1035 1010 Absolve
1058 986 1116 1009 nos
1142 978 1293 1018 reatibus,

893 1025 1031 1064 Quorum
1057 1025 1205 1058 concedis
1231 1026 1328 1057 hodie

893 1072 1054 1104 Solemnia
1077 1073 1230 1105 recolere.

835 1131 866 1163 4.
894 1130 1028 1162 Oramus
1053 1130 1168 1162 vestris
1192 1131 1343 1170 precibus

894 1177 1005 1217 Gulpis
1028 1177 1217 1209 mundemur
1242 1178 1397 1219 omnibus,

893 1226 1069 1264 Jungamur
1092 1225 1155 1264 piis
1182 1226 1333 1266 coetibus,

892 1272 977 1312 Agni
1001 1281 1169 1313 sequamur
1194 1273 1334 1306 choreas,

545 1330 575 1362 5.
596 1329 738 1372 Praesta,
765 1330 850 1361 solus
875 1329 1025 1370 ingenite,

596 1377 738 1417 Praesta,
764 1376 851 1408 Deus
876 1379 910 1408 tu
935 1377 1051 1419 genite,

601 1424 744 1463 Praesta,
771 1433 863 1456 sacer
887 1424 1052 1464 paraclite,

599 1471 668 1503 Rex
694 1481 753 1511 per
777 1475 909 1504 aeterna
932 1472 1070 1506 saecula.

217 1537 304 1564 Brev.
324 1545 378 1564 ms.
400 1535 628 1564 Sitanstettense
647 1537 789 1565 LXXXV
808 1545 884 1565 saec.
907 1536 950 1565 15.
964 1536 999 1564 A.
1019 1538 1154 1565 —BreV.
1176 1546 1229 1565 ms.
1244 1538 1328 1566 Nova
1352 1538 1458 1566 ellense

140 1576 211 1603 anni
234 1572 315 1603 1501.
357 1574 426 1602 eod.
448 1575 642 1610 Oenipontan.
663 1573 728 1603 405.
750 1575 783 1602 B.
805 1590 842 1594 —-
865 1573 895 1609 1,
924 1574 944 1603 4
962 1575 993 1603 Is
1014 1576 1094 1603 orbis
1118 1576 1150 1603 B.
1171 1590 1208 1595 —·-
1229 1574 1261 1610 2,
1282 1575 1300 1603 2
1323 1580 1458 1604 vixerunt

138 1615 173 1641 A.
193 1629 231 1633 —
251 1611 283 1647 2,
306 1610 326 1640 4
346 1613 515 1641 claruerunt
533 1613 567 1640 A.
589 1629 625 1634 —
647 1610 680 1647 3,
707 1612 721 1641 1
743 1615 879 1649 precibus
897 1614 930 1641 A.
954 1628 988 1633 -
1008 1614 1045 1641 In
1064 1614 1089 1642 B
1109 1614 1153 1642 als
1174 1615 1210 1642 de
1232 1623 1269 1642 ss.
1290 1614 1454 1651 Inpenuino

141 1654 170 1679 et
188 1650 298 1679 Albino
321 1651 358 1678 ad
377 1652 569 1680 Nocturnum.

588 1733 653 1766 140.
684 1734 721 1766 In
739 1735 832 1766 unius
856 1735 1010 1776 Virginis.

148 1797 178 1831 1.
207 1796 231 1829 Ο
257 1796 347 1835 virgo
373 1796 578 1836 venerabilis,

201 1844 330 1876 Decora
354 1847 387 1875 et
411 1843 609 1883 spectabilis,

203 1892 252 1924 Tu
277 1899 403 1933 gemma
422 1891 600 1932 pudicitiae

198 1940 245 1972 Et
268 1941 435 1981 speculum
459 1940 646 1972 munditiae.

138 1998 171 2032 2.
198 1998 248 2030 Tu
273 1996 361 2030 facta
386 2006 419 2029 es
446 1997 586 2029 eburnea

198 2045 363 2078 Vincendo
388 2046 493 2078 carnis
517 2044 651 2085 lubrica,

201 2093 349 2127 Candens
375 2094 529 2126 virtutum
553 2092 704 2138 flosculis,

196 2141 378 2175 Laudanda
404 2150 437 2174 es
462 2143 495 2174 in
520 2143 659 2183 populiS.

139 2202 171 2235 3.
196 2199 303 2232 Fuisti
327 2199 418 2241 virgo
444 2200 584 2240 sapiens,

199 2248 236 2280 In
264 2249 386 2280 cunctis
414 2247 495 2280 bene
520 2248 656 2288 vigilans

197 2297 392 2337 Adeptaque
418 2296 624 2328 centesimum

197 2344 364 2385 Fructum,
389 2345 485 2377 immo
510 2344 711 2380 milesimum.

832 1799 865 1830 4.
894 1798 992 1835 Quam
1018 1796 1098 1829 felix
1123 1806 1166 1837 es,
1194 1806 1275 1837 quae
1297 1797 1425 1839 ingredi

889 1844 1024 1884 Quivisti
1048 1844 1134 1884 regis
1157 1846 1343 1887 thalamum,

889 1893 1026 1925 Portans
1051 1901 1217 1926 accensam
1241 1894 1422 1933 lampadem

887 1941 951 1973 Per
976 1941 1061 1973 vitae
1087 1941 1319 1974 claritudinem.

829 2001 861 2033 5,
885 1996 937 2030 Sis
962 2000 1066 2032 nostri
1089 2008 1219 2040 memor,
1249 2000 1385 2042 domina,

887 2046 970 2078 Dum
995 2047 1108 2088 pangis
1134 2056 1214 2089 agno
1241 2048 1376 2090 cantica,

889 2094 1046 2128 Gravatos
1072 2096 1169 2128 sorde
1191 2095 1296 2128 libera

886 2142 1032 2176 Delendo
1057 2144 1170 2176 mortis
1197 2144 1341 2180 crimina.

830 2202 860 2235 6.
886 2201 1029 2245 Praesta,
1055 2201 1151 2233 beata
1172 2201 1310 2246 trinitas,

889 2248 934 2281 Ut
960 2249 1126 2290 virginalis
1153 2250 1282 2282 castitas

888 2296 1083 2337 Exstinguat
1104 2296 1264 2330 flammam
1280 2300 1407 2340 igneam

889 2343 953 2376 Det
977 2349 1178 2386 mentemque
1203 2346 1389 2387 virgineam.

213 2410 286 2438 Glm.
306 2410 461 2438 Monaeen.
480 2408 531 2442 (ol.
549 2408 703 2447 'Peg-urin.)
723 2409 757 2438 19
766 2407 831 2438 363.
854 2417 929 2438 saec.
952 2408 996 2439 15.
