<?xml version="1.0" encoding="UTF-8"?>
<!DOCTYPE html PUBLIC "-//W3C//DTD XHTML 1.0 Transitional//EN"
    "http://www.w3.org/TR/xhtml1/DTD/xhtml1-transitional.dtd">
<html xmlns="http://www.w3.org/1999/xhtml" xml:lang="en" lang="en">
 <head>
  <title>
</title>
<meta http-equiv="Content-Type" content="text/html;charset=utf-8" />
  <meta name='ocr-system' content='tesseract 3.04.00' />
  <meta name='ocr-capabilities' content='ocr_page ocr_carea ocr_par ocr_line ocrx_word'/>
</head>
<body>
  <div class='ocr_page' id='page_1' title='image "./analectahymnica23drevuoft_00281.png"; bbox 0 0 1653 2637; ppageno 0'>
   <div class='ocr_carea' id='block_1_1' title="bbox 701 137 962 174">
    <p class='ocr_par' dir='ltr' id='par_1_1' title="bbox 701 137 962 174">
     <span class='ocr_line' id='line_1_1' title="bbox 701 137 962 174; baseline -0.004 0"><span class='ocrx_word' id='word_1_1' title='bbox 701 137 962 174; x_wconf 80' lang='lat'>-278—</span> 
     </span>
    </p>
   </div>
   <div class='ocr_carea' id='block_1_2' title="bbox 417 236 1151 371">
    <p class='ocr_par' dir='ltr' id='par_1_2' title="bbox 417 236 1151 371">
     <span class='ocr_line' id='line_1_2' title="bbox 417 236 1100 269; baseline -0.003 0"><span class='ocrx_word' id='word_1_2' title='bbox 417 238 448 269; x_wconf 87' lang='lat'>2.</span> <span class='ocrx_word' id='word_1_3' title='bbox 474 236 539 269; x_wconf 77' lang='lat' dir='ltr'>Hic</span> <span class='ocrx_word' id='word_1_4' title='bbox 563 237 647 269; x_wconf 79' lang='lat' dir='ltr'>vitae</span> <span class='ocrx_word' id='word_1_5' title='bbox 670 236 788 268; x_wconf 84' lang='lat' dir='ltr'>veteris</span> <span class='ocrx_word' id='word_1_6' title='bbox 814 236 951 268; x_wconf 74' lang='lat' dir='ltr'><strong>exclusis</strong></span> <span class='ocrx_word' id='word_1_7' title='bbox 976 236 1100 268; x_wconf 80' lang='lat' dir='ltr'>actibus</span> 
     </span>
     <span class='ocr_line' id='line_1_3' title="bbox 476 284 1151 324; baseline -0.001 -8"><span class='ocrx_word' id='word_1_8' title='bbox 476 284 614 316; x_wconf 76' lang='lat' dir='ltr'>Vivebat</span> <span class='ocrx_word' id='word_1_9' title='bbox 638 285 762 323; x_wconf 86' lang='lat' dir='ltr'>superis</span> <span class='ocrx_word' id='word_1_10' title='bbox 789 284 974 323; x_wconf 86' lang='lat' dir='ltr'>conjunctus</span> <span class='ocrx_word' id='word_1_11' title='bbox 999 284 1151 324; x_wconf 78' lang='lat' dir='ltr'>moribuS,</span> 
     </span>
     <span class='ocr_line' id='line_1_4' title="bbox 597 331 1119 371; baseline -0.002 -8"><span class='ocrx_word' id='word_1_12' title='bbox 597 357 603 366; x_wconf 77' lang='grc'><strong>,</strong></span> <span class='ocrx_word' id='word_1_13' title='bbox 655 332 768 364; x_wconf 84' lang='lat' dir='ltr'>ceteris</span> <span class='ocrx_word' id='word_1_14' title='bbox 794 331 912 363; x_wconf 85' lang='lat' dir='ltr'>sanctis</span> <span class='ocrx_word' id='word_1_15' title='bbox 939 331 1119 371; x_wconf 88' lang='lat' dir='ltr'>virtutibus,</span> 
     </span>
    </p>
   </div>
   <div class='ocr_carea' id='block_1_3' title="bbox 416 435 1130 818">
    <p class='ocr_par' dir='ltr' id='par_1_3' title="bbox 419 435 1002 477">
     <span class='ocr_line' id='line_1_5' title="bbox 419 435 1002 477; baseline -0.005 -8"><span class='ocrx_word' id='word_1_16' title='bbox 419 438 449 469; x_wconf 88' lang='grc'>3.</span> <span class='ocrx_word' id='word_1_17' title='bbox 476 437 596 468; x_wconf 87' lang='lat' dir='ltr'>Trusus</span> <span class='ocrx_word' id='word_1_18' title='bbox 623 436 734 469; x_wconf 84' lang='lat' dir='ltr'>exsilio</span> <span class='ocrx_word' id='word_1_19' title='bbox 759 435 843 477; x_wconf 86' lang='lat' dir='ltr'>regis</span> <span class='ocrx_word' id='word_1_20' title='bbox 869 435 1002 475; x_wconf 80' lang='lat' dir='ltr'>malitia,</span> 
     </span>
    </p>

    <p class='ocr_par' dir='ltr' id='par_1_4' title="bbox 475 482 1072 611">
     <span class='ocr_line' id='line_1_6' title="bbox 476 482 1072 523; baseline -0.003 -7"><span class='ocrx_word' id='word_1_21' title='bbox 476 484 566 517; x_wconf 89' lang='lat' dir='ltr'>Bono</span> <span class='ocrx_word' id='word_1_22' title='bbox 593 483 730 515; x_wconf 87' lang='lat' dir='ltr'>triennio</span> <span class='ocrx_word' id='word_1_23' title='bbox 755 483 873 515; x_wconf 87' lang='lat' dir='ltr'>mansit</span> <span class='ocrx_word' id='word_1_24' title='bbox 896 484 930 515; x_wconf 89' lang='lat' dir='ltr'>in</span> <span class='ocrx_word' id='word_1_25' title='bbox 956 482 1072 523; x_wconf 86' lang='lat' dir='ltr'>Gallia,</span> 
     </span>
     <span class='ocr_line' id='line_1_7' title="bbox 475 531 1031 570; baseline -0.002 -7"><span class='ocrx_word' id='word_1_26' title='bbox 475 531 539 563; x_wconf 82' lang='lat' dir='ltr'>Sed</span> <span class='ocrx_word' id='word_1_27' title='bbox 565 532 663 563; x_wconf 83' lang='lat' dir='ltr'>eorde</span> <span class='ocrx_word' id='word_1_28' title='bbox 686 531 793 563; x_wconf 84' lang='lat' dir='ltr'>sobrio</span> <span class='ocrx_word' id='word_1_29' title='bbox 818 533 852 561; x_wconf 85' lang='lat' dir='ltr'>et</span> <span class='ocrx_word' id='word_1_30' title='bbox 875 531 1031 570; x_wconf 80' lang='lat' dir='ltr'>patientia</span> 
     </span>
     <span class='ocr_line' id='line_1_8' title="bbox 522 578 893 611; baseline 0.003 -2"><span class='ocrx_word' id='word_1_31' title='bbox 522 578 608 609; x_wconf 85' lang='lat' dir='ltr'>Vicit</span> <span class='ocrx_word' id='word_1_32' title='bbox 633 579 718 610; x_wconf 91' lang='lat' dir='ltr'>viros</span> <span class='ocrx_word' id='word_1_33' title='bbox 743 578 893 611; x_wconf 85' lang='lat' dir='ltr'>invidiae.</span> 
     </span>
    </p>

    <p class='ocr_par' dir='ltr' id='par_1_5' title="bbox 416 634 1130 762">
     <span class='ocr_line' id='line_1_9' title="bbox 416 634 1081 675; baseline -0.003 -7"><span class='ocrx_word' id='word_1_34' title='bbox 416 637 449 668; x_wconf 85' lang='lat'>4.</span> <span class='ocrx_word' id='word_1_35' title='bbox 475 635 615 667; x_wconf 82' lang='lat' dir='ltr'>Tandem</span> <span class='ocrx_word' id='word_1_36' title='bbox 643 635 775 667; x_wconf 91' lang='lat' dir='ltr'>consilio</span> <span class='ocrx_word' id='word_1_37' title='bbox 799 635 884 675; x_wconf 85' lang='lat' dir='ltr'>regis</span> <span class='ocrx_word' id='word_1_38' title='bbox 910 637 942 666; x_wconf 89' lang='lat' dir='ltr'>et</span> <span class='ocrx_word' id='word_1_39' title='bbox 967 634 1081 666; x_wconf 89' lang='lat' dir='ltr'>civium</span> 
     </span>
     <span class='ocr_line' id='line_1_10' title="bbox 475 682 1130 722; baseline -0.002 -8"><span class='ocrx_word' id='word_1_40' title='bbox 475 683 636 714; x_wconf 84' lang='lat' dir='ltr'>Reversus</span> <span class='ocrx_word' id='word_1_41' title='bbox 669 682 777 722; x_wconf 83' lang='lat' dir='ltr'>gladio</span> <span class='ocrx_word' id='word_1_42' title='bbox 800 684 957 714; x_wconf 76' lang='lat' dir='ltr'>mactatus</span> <span class='ocrx_word' id='word_1_43' title='bbox 982 682 1130 720; x_wconf 84' lang='lat' dir='ltr'>hostium,</span> 
     </span>
     <span class='ocr_line' id='line_1_11' title="bbox 475 729 1013 762; baseline -0.002 -1"><span class='ocrx_word' id='word_1_44' title='bbox 475 729 594 762; x_wconf 86' lang='lat' dir='ltr'>Factus</span> <span class='ocrx_word' id='word_1_45' title='bbox 621 729 739 762; x_wconf 85' lang='lat' dir='ltr'>oblatio</span> <span class='ocrx_word' id='word_1_46' title='bbox 766 732 796 761; x_wconf 91' lang='lat' dir='ltr'>et</span> <span class='ocrx_word' id='word_1_47' title='bbox 822 729 1013 762; x_wconf 84' lang='lat' dir='ltr'>sacrificium</span> 
     </span>
    </p>

    <p class='ocr_par' dir='ltr' id='par_1_6' title="bbox 523 777 933 818">
     <span class='ocr_line' id='line_1_12' title="bbox 523 777 933 818; baseline 0 -10"><span class='ocrx_word' id='word_1_48' title='bbox 523 777 625 809; x_wconf 87' lang='lat' dir='ltr'>Fudit</span> <span class='ocrx_word' id='word_1_49' title='bbox 647 777 776 809; x_wconf 87' lang='lat' dir='ltr'>odorem</span> <span class='ocrx_word' id='word_1_50' title='bbox 801 777 933 818; x_wconf 83' lang='lat' dir='ltr'>gratiae.</span> 
     </span>
    </p>
   </div>
   <div class='ocr_carea' id='block_1_4' title="bbox 418 834 1209 1016">
    <p class='ocr_par' dir='ltr' id='par_1_7' title="bbox 418 834 1209 969">
     <span class='ocr_line' id='line_1_13' title="bbox 418 834 1208 875; baseline -0.003 -9"><span class='ocrx_word' id='word_1_51' title='bbox 418 835 448 867; x_wconf 84' lang='lat'>5.</span> <span class='ocrx_word' id='word_1_52' title='bbox 473 834 545 866; x_wconf 72' lang='lat' dir='ltr'>Jam</span> <span class='ocrx_word' id='word_1_53' title='bbox 571 834 730 867; x_wconf 79' lang='lat' dir='ltr'>Christum</span> <span class='ocrx_word' id='word_1_54' title='bbox 756 834 898 875; x_wconf 84' lang='lat' dir='ltr'>sequitur</span> <span class='ocrx_word' id='word_1_55' title='bbox 921 834 1054 866; x_wconf 83' lang='lat' dir='ltr'>amictus</span> <span class='ocrx_word' id='word_1_56' title='bbox 1079 834 1208 872; x_wconf 83' lang='lat' dir='ltr'>lumine,</span> 
     </span>
     <span class='ocr_line' id='line_1_14' title="bbox 476 881 1204 921; baseline -0.004 -7"><span class='ocrx_word' id='word_1_57' title='bbox 476 882 572 920; x_wconf 85' lang='lat' dir='ltr'>Cujus</span> <span class='ocrx_word' id='word_1_58' title='bbox 597 882 799 921; x_wconf 77' lang='lat' dir='ltr'>prosequitur</span> <span class='ocrx_word' id='word_1_59' title='bbox 823 881 934 913; x_wconf 86' lang='lat' dir='ltr'>laudes</span> <span class='ocrx_word' id='word_1_60' title='bbox 960 889 1028 912; x_wconf 81' lang='lat' dir='ltr'>cum</span> <span class='ocrx_word' id='word_1_61' title='bbox 1057 881 1204 921; x_wconf 80' lang='lat' dir='ltr'>carmine,</span> 
     </span>
     <span class='ocr_line' id='line_1_15' title="bbox 476 928 1209 969; baseline -0.001 -8"><span class='ocrx_word' id='word_1_62' title='bbox 476 930 539 961; x_wconf 88' lang='lat' dir='ltr'>Per</span> <span class='ocrx_word' id='word_1_63' title='bbox 563 937 655 968; x_wconf 89' lang='lat' dir='ltr'>quem</span> <span class='ocrx_word' id='word_1_64' title='bbox 682 929 885 969; x_wconf 73' lang='lat' dir='ltr'>consequitur</span> <span class='ocrx_word' id='word_1_65' title='bbox 908 929 942 960; x_wconf 90' lang='lat' dir='ltr'>in</span> <span class='ocrx_word' id='word_1_66' title='bbox 968 929 1048 960; x_wconf 87' lang='lat' dir='ltr'>coeli</span> <span class='ocrx_word' id='word_1_67' title='bbox 1073 928 1209 960; x_wconf 89' lang='lat' dir='ltr'>culmine</span> 
     </span>
    </p>

    <p class='ocr_par' dir='ltr' id='par_1_8' title="bbox 524 976 989 1016">
     <span class='ocr_line' id='line_1_16' title="bbox 524 976 989 1016; baseline -0.002 -9"><span class='ocrx_word' id='word_1_68' title='bbox 524 976 660 1007; x_wconf 80' lang='lat' dir='ltr'>Virtutis</span> <span class='ocrx_word' id='word_1_69' title='bbox 685 979 846 1015; x_wconf 81' lang='lat' dir='ltr'>sceptrum</span> <span class='ocrx_word' id='word_1_70' title='bbox 871 976 989 1016; x_wconf 77' lang='lat' dir='ltr'>regiae,</span> 
     </span>
    </p>
   </div>
   <div class='ocr_carea' id='block_1_5' title="bbox 257 1032 1493 1275">
    <p class='ocr_par' dir='ltr' id='par_1_9' title="bbox 257 1032 1493 1275">
     <span class='ocr_line' id='line_1_17' title="bbox 421 1032 1173 1073; baseline -0.005 -7"><span class='ocrx_word' id='word_1_71' title='bbox 421 1034 453 1066; x_wconf 90' lang='lat'>6.</span> <span class='ocrx_word' id='word_1_72' title='bbox 480 1032 530 1064; x_wconf 90' lang='lat' dir='ltr'>Sit</span> <span class='ocrx_word' id='word_1_73' title='bbox 553 1032 679 1065; x_wconf 87' lang='lat' dir='ltr'>Christo</span> <span class='ocrx_word' id='word_1_74' title='bbox 703 1032 815 1073; x_wconf 79' lang='lat' dir='ltr'>gloria,</span> <span class='ocrx_word' id='word_1_75' title='bbox 842 1032 912 1063; x_wconf 85' lang='lat' dir='ltr'>laus</span> <span class='ocrx_word' id='word_1_76' title='bbox 938 1035 970 1063; x_wconf 84' lang='lat' dir='ltr'>et</span> <span class='ocrx_word' id='word_1_77' title='bbox 992 1032 1173 1072; x_wconf 88' lang='lat' dir='ltr'>imperium,</span> 
     </span>
     <span class='ocr_line' id='line_1_18' title="bbox 477 1079 1079 1120; baseline 0.002 -10"><span class='ocrx_word' id='word_1_78' title='bbox 477 1079 536 1119; x_wconf 77' lang='lat' dir='ltr'>Qui</span> <span class='ocrx_word' id='word_1_79' title='bbox 562 1088 619 1111; x_wconf 86' lang='lat' dir='ltr'>sua</span> <span class='ocrx_word' id='word_1_80' title='bbox 643 1079 746 1120; x_wconf 84' lang='lat' dir='ltr'>gratia</span> <span class='ocrx_word' id='word_1_81' title='bbox 770 1088 890 1111; x_wconf 87' lang='lat' dir='ltr'>memor</span> <span class='ocrx_word' id='word_1_82' title='bbox 914 1079 1079 1111; x_wconf 88' lang='lat' dir='ltr'>humilium</span> 
     </span>
     <span class='ocr_line' id='line_1_19' title="bbox 477 1126 1152 1168; baseline -0.001 -9"><span class='ocrx_word' id='word_1_83' title='bbox 477 1127 579 1159; x_wconf 84' lang='lat' dir='ltr'>Dedit</span> <span class='ocrx_word' id='word_1_84' title='bbox 600 1127 635 1158; x_wconf 79' lang='lat' dir='ltr'>in</span> <span class='ocrx_word' id='word_1_85' title='bbox 660 1126 774 1160; x_wconf 70' lang='lat' dir='ltr'>Guntia</span> <span class='ocrx_word' id='word_1_86' title='bbox 797 1129 920 1159; x_wconf 81' lang='lat' dir='ltr'>tantum</span> <span class='ocrx_word' id='word_1_87' title='bbox 946 1128 1152 1168; x_wconf 77' lang='lat' dir='ltr'>praesidium,</span> 
     </span>
     <span class='ocr_line' id='line_1_20' title="bbox 527 1173 1004 1212; baseline 0.002 -7"><span class='ocrx_word' id='word_1_88' title='bbox 527 1173 689 1212; x_wconf 86' lang='lat' dir='ltr'>Thomam,</span> <span class='ocrx_word' id='word_1_89' title='bbox 719 1174 813 1206; x_wconf 89' lang='lat' dir='ltr'>decus</span> <span class='ocrx_word' id='word_1_90' title='bbox 839 1174 1004 1206; x_wconf 84' lang='lat' dir='ltr'>ecclesiae.</span> 
     </span>
     <span class='ocr_line' id='line_1_21' title="bbox 257 1234 1493 1275; baseline -0.002 -8"><span class='ocrx_word' id='word_1_91' title='bbox 257 1241 364 1275; x_wconf 87' lang='lat' dir='ltr'>Hymn.</span> <span class='ocrx_word' id='word_1_92' title='bbox 387 1248 440 1267; x_wconf 87' lang='lat' dir='ltr'>ms.</span> <span class='ocrx_word' id='word_1_93' title='bbox 462 1239 632 1274; x_wconf 83' lang='lat' dir='ltr'>Campensis</span> <span class='ocrx_word' id='word_1_94' title='bbox 658 1241 726 1267; x_wconf 85' lang='lat' dir='ltr'>anni</span> <span class='ocrx_word' id='word_1_95' title='bbox 754 1237 836 1268; x_wconf 80' lang='lat'>1462.</span> <span class='ocrx_word' id='word_1_96' title='bbox 877 1239 947 1267; x_wconf 78' lang='lat' dir='ltr'>Cod.</span> <span class='ocrx_word' id='word_1_97' title='bbox 968 1238 1184 1266; x_wconf 80' lang='lat' dir='ltr'>Darmstadien.</span> <span class='ocrx_word' id='word_1_98' title='bbox 1210 1236 1274 1265; x_wconf 81' lang='lat'>521.</span> <span class='ocrx_word' id='word_1_99' title='bbox 1304 1253 1340 1257; x_wconf 92' lang='lat'><em>-</em></span> <span class='ocrx_word' id='word_1_100' title='bbox 1363 1236 1394 1272; x_wconf 90' lang='lat'>1,</span> <span class='ocrx_word' id='word_1_101' title='bbox 1419 1234 1437 1264; x_wconf 84' lang='lat'><strong>3</strong></span> <span class='ocrx_word' id='word_1_102' title='bbox 1458 1245 1493 1264; x_wconf 85' lang='lat' dir='ltr'>ac</span> 
     </span>
    </p>
   </div>
   <div class='ocr_carea' id='block_1_6' title="bbox 180 1275 1494 1352">
    <p class='ocr_par' dir='ltr' id='par_1_10' title="bbox 180 1275 1494 1352">
     <span class='ocr_line' id='line_1_22' title="bbox 180 1275 1494 1314; baseline -0.004 -8"><span class='ocrx_word' id='word_1_103' title='bbox 180 1278 352 1314; x_wconf 75' lang='lat' dir='ltr'>psalmodia.</span> <span class='ocrx_word' id='word_1_104' title='bbox 374 1291 411 1296; x_wconf 92' lang='lat'>—</span> <span class='ocrx_word' id='word_1_105' title='bbox 430 1277 486 1305; x_wconf 80' lang='lat' dir='ltr'>Str.</span> <span class='ocrx_word' id='word_1_106' title='bbox 509 1276 528 1303; x_wconf 82' lang='lat'>2</span> <span class='ocrx_word' id='word_1_107' title='bbox 547 1277 660 1314; x_wconf 80' lang='lat' dir='ltr'>infolge</span> <span class='ocrx_word' id='word_1_108' title='bbox 681 1277 903 1313; x_wconf 59' lang='lat' dir='ltr'>Besehadigung</span> <span class='ocrx_word' id='word_1_109' title='bbox 924 1277 975 1305; x_wconf 77' lang='lat' dir='ltr'>der</span> <span class='ocrx_word' id='word_1_110' title='bbox 995 1276 1188 1305; x_wconf 78' lang='lat' dir='ltr'>Handsehrift</span> <span class='ocrx_word' id='word_1_111' title='bbox 1204 1275 1435 1312; x_wconf 71' lang='lat' dir='ltr'>unvollst&#39;antlig.</span> <span class='ocrx_word' id='word_1_112' title='bbox 1457 1290 1494 1294; x_wconf 94' lang='lat'><em>-</em></span> 
     </span>
     <span class='ocr_line' id='line_1_23' title="bbox 182 1313 602 1352; baseline -0.007 -8"><span class='ocrx_word' id='word_1_113' title='bbox 182 1316 208 1351; x_wconf 88' lang='lat'>5,</span> <span class='ocrx_word' id='word_1_114' title='bbox 228 1313 246 1343; x_wconf 84' lang='lat'><strong>3</strong></span> <span class='ocrx_word' id='word_1_115' title='bbox 267 1316 455 1352; x_wconf 78' lang='lat' dir='ltr'>consequitur</span> <span class='ocrx_word' id='word_1_116' title='bbox 475 1315 602 1351; x_wconf 60' lang='lat' dir='ltr'>ergiinzt.</span> 
     </span>
    </p>
   </div>
   <div class='ocr_carea' id='block_1_7' title="bbox 558 1415 1129 1448">
    <p class='ocr_par' dir='ltr' id='par_1_11' title="bbox 558 1415 1129 1448">
     <span class='ocr_line' id='line_1_24' title="bbox 558 1415 1129 1448; baseline 0 -2"><span class='ocrx_word' id='word_1_117' title='bbox 558 1415 627 1447; x_wconf 78' lang='lat'>493.</span> <span class='ocrx_word' id='word_1_118' title='bbox 656 1417 699 1447; x_wconf 80' lang='lat' dir='ltr'>De</span> <span class='ocrx_word' id='word_1_119' title='bbox 719 1424 745 1446; x_wconf 86' lang='lat' dir='ltr'>s.</span> <span class='ocrx_word' id='word_1_120' title='bbox 764 1416 879 1448; x_wconf 76' lang='lat' dir='ltr'>Thema</span> <span class='ocrx_word' id='word_1_121' title='bbox 900 1415 1129 1447; x_wconf 77' lang='lat' dir='ltr'>cantuariensi.</span> 
     </span>
    </p>
   </div>
   <div class='ocr_carea' id='block_1_8' title="bbox 183 1486 1448 2069">
    <p class='ocr_par' dir='ltr' id='par_1_12' title="bbox 186 1486 1341 1669">
     <span class='ocr_line' id='line_1_25' title="bbox 186 1486 1341 1529; baseline -0.003 -9"><span class='ocrx_word' id='word_1_122' title='bbox 186 1489 210 1521; x_wconf 70' lang='grc'>1,</span> <span class='ocrx_word' id='word_1_123' title='bbox 242 1488 373 1529; x_wconf 80' lang='lat' dir='ltr'>Thoma‚</span> <span class='ocrx_word' id='word_1_124' title='bbox 398 1490 559 1526; x_wconf 89' lang='lat' dir='ltr'>pastorum</span> <span class='ocrx_word' id='word_1_125' title='bbox 586 1488 696 1529; x_wconf 82' lang='lat' dir='ltr'>gloria,</span> <span class='ocrx_word' id='word_1_126' title='bbox 864 1488 896 1519; x_wconf 86' lang='lat'>4.</span> <span class='ocrx_word' id='word_1_127' title='bbox 924 1488 1026 1520; x_wconf 85' lang='lat' dir='ltr'>Causa</span> <span class='ocrx_word' id='word_1_128' title='bbox 1051 1487 1163 1519; x_wconf 85' lang='lat' dir='ltr'>mortis</span> <span class='ocrx_word' id='word_1_129' title='bbox 1189 1486 1341 1518; x_wconf 86' lang='lat' dir='ltr'>ecclesiae</span> 
     </span>
     <span class='ocr_line' id='line_1_26' title="bbox 240 1534 1336 1575; baseline -0.001 -9"><span class='ocrx_word' id='word_1_130' title='bbox 240 1534 413 1567; x_wconf 76' lang='lat' dir='ltr'>suavitatis</span> <span class='ocrx_word' id='word_1_131' title='bbox 438 1535 552 1575; x_wconf 79' lang='lat' dir='ltr'>hostia,</span> <span class='ocrx_word' id='word_1_132' title='bbox 923 1536 990 1567; x_wconf 84' lang='lat' dir='ltr'>Pax</span> <span class='ocrx_word' id='word_1_133' title='bbox 1016 1537 1048 1565; x_wconf 87' lang='lat' dir='ltr'>et</span> <span class='ocrx_word' id='word_1_134' title='bbox 1072 1534 1158 1566; x_wconf 84' lang='lat' dir='ltr'>zelus</span> <span class='ocrx_word' id='word_1_135' title='bbox 1181 1534 1336 1574; x_wconf 79' lang='lat' dir='ltr'>justitiae,</span> 
     </span>
     <span class='ocr_line' id='line_1_27' title="bbox 240 1581 1323 1621; baseline 0 -8"><span class='ocrx_word' id='word_1_136' title='bbox 240 1582 432 1621; x_wconf 84' lang='lat' dir='ltr'>Exemplum</span> <span class='ocrx_word' id='word_1_137' title='bbox 456 1582 640 1621; x_wconf 83' lang='lat' dir='ltr'>patientiae,</span> <span class='ocrx_word' id='word_1_138' title='bbox 924 1581 1015 1620; x_wconf 76' lang='lat' dir='ltr'>Quod</span> <span class='ocrx_word' id='word_1_139' title='bbox 1046 1582 1154 1614; x_wconf 84' lang='lat' dir='ltr'>divina</span> <span class='ocrx_word' id='word_1_140' title='bbox 1178 1581 1323 1621; x_wconf 83' lang='lat' dir='ltr'>potentia</span> 
     </span>
     <span class='ocr_line' id='line_1_28' title="bbox 241 1628 1337 1669; baseline 0 -9"><span class='ocrx_word' id='word_1_141' title='bbox 241 1629 345 1661; x_wconf 81' lang='lat' dir='ltr'>Tuere</span> <span class='ocrx_word' id='word_1_142' title='bbox 365 1629 418 1669; x_wconf 89' lang='lat' dir='ltr'>jus</span> <span class='ocrx_word' id='word_1_143' title='bbox 444 1628 605 1662; x_wconf 84' lang='lat' dir='ltr'>ecclesiae.</span> <span class='ocrx_word' id='word_1_144' title='bbox 923 1629 1074 1661; x_wconf 77' lang='lat' dir='ltr'>Testatur</span> <span class='ocrx_word' id='word_1_145' title='bbox 1096 1637 1155 1669; x_wconf 86' lang='lat' dir='ltr'>per</span> <span class='ocrx_word' id='word_1_146' title='bbox 1178 1628 1337 1668; x_wconf 87' lang='lat' dir='ltr'>prodigia.</span> 
     </span>
    </p>

    <p class='ocr_par' dir='ltr' id='par_1_13' title="bbox 183 1683 1396 1869">
     <span class='ocr_line' id='line_1_29' title="bbox 183 1683 1396 1726; baseline -0.002 -7"><span class='ocrx_word' id='word_1_147' title='bbox 183 1689 215 1721; x_wconf 86' lang='lat'>2.</span> <span class='ocrx_word' id='word_1_148' title='bbox 241 1686 344 1725; x_wconf 89' lang='lat' dir='ltr'>Hujus</span> <span class='ocrx_word' id='word_1_149' title='bbox 369 1688 402 1717; x_wconf 85' lang='lat' dir='ltr'>te</span> <span class='ocrx_word' id='word_1_150' title='bbox 426 1694 501 1717; x_wconf 92' lang='lat' dir='ltr'>vere</span> <span class='ocrx_word' id='word_1_151' title='bbox 524 1683 623 1717; x_wconf 85' lang='lat' dir='ltr'>filium</span> <span class='ocrx_word' id='word_1_152' title='bbox 866 1687 896 1717; x_wconf 88' lang='lat'>5.</span> <span class='ocrx_word' id='word_1_153' title='bbox 923 1685 998 1724; x_wconf 81' lang='lat' dir='ltr'>Quis</span> <span class='ocrx_word' id='word_1_154' title='bbox 1023 1685 1103 1726; x_wconf 83' lang='lat' dir='ltr'>legit</span> <span class='ocrx_word' id='word_1_155' title='bbox 1128 1688 1160 1716; x_wconf 91' lang='lat' dir='ltr'>et</span> <span class='ocrx_word' id='word_1_156' title='bbox 1184 1686 1254 1725; x_wconf 87' lang='lat' dir='ltr'>quis</span> <span class='ocrx_word' id='word_1_157' title='bbox 1279 1685 1396 1726; x_wconf 85' lang='lat' dir='ltr'>docuit,</span> 
     </span>
     <span class='ocr_line' id='line_1_30' title="bbox 239 1732 1348 1777; baseline 0 -13"><span class='ocrx_word' id='word_1_158' title='bbox 239 1733 329 1764; x_wconf 85' lang='lat' dir='ltr'>Mors</span> <span class='ocrx_word' id='word_1_159' title='bbox 355 1732 472 1773; x_wconf 79' lang='lat' dir='ltr'>probat</span> <span class='ocrx_word' id='word_1_160' title='bbox 497 1736 528 1764; x_wconf 86' lang='lat' dir='ltr'>et</span> <span class='ocrx_word' id='word_1_161' title='bbox 553 1733 709 1775; x_wconf 73' lang='lat' dir='ltr'>exsilium,</span> <span class='ocrx_word' id='word_1_162' title='bbox 923 1734 988 1764; x_wconf 87' lang='lat' dir='ltr'>Aut</span> <span class='ocrx_word' id='word_1_163' title='bbox 1014 1733 1097 1764; x_wconf 85' lang='lat' dir='ltr'>scire</span> <span class='ocrx_word' id='word_1_164' title='bbox 1121 1733 1210 1773; x_wconf 88' lang='lat' dir='ltr'>prius</span> <span class='ocrx_word' id='word_1_165' title='bbox 1235 1733 1348 1777; x_wconf 78' lang='lat' dir='ltr'>potuit,</span> 
     </span>
     <span class='ocr_line' id='line_1_31' title="bbox 240 1780 1272 1820; baseline 0 -8"><span class='ocrx_word' id='word_1_166' title='bbox 240 1781 367 1812; x_wconf 89' lang='lat' dir='ltr'>Amoris</span> <span class='ocrx_word' id='word_1_167' title='bbox 393 1780 572 1812; x_wconf 80' lang='lat' dir='ltr'>testimonio</span> <span class='ocrx_word' id='word_1_168' title='bbox 923 1780 1043 1813; x_wconf 85' lang='lat' dir='ltr'>Ablata</span> <span class='ocrx_word' id='word_1_169' title='bbox 1067 1790 1127 1820; x_wconf 89' lang='lat' dir='ltr'>per</span> <span class='ocrx_word' id='word_1_170' title='bbox 1148 1781 1272 1820; x_wconf 85' lang='lat' dir='ltr'>judicia</span> 
     </span>
     <span class='ocr_line' id='line_1_32' title="bbox 241 1828 1265 1869; baseline 0.001 -10"><span class='ocrx_word' id='word_1_171' title='bbox 241 1828 356 1860; x_wconf 82' lang='lat' dir='ltr'>Matris</span> <span class='ocrx_word' id='word_1_172' title='bbox 382 1828 569 1860; x_wconf 87' lang='lat' dir='ltr'>occumbens</span> <span class='ocrx_word' id='word_1_173' title='bbox 595 1828 723 1869; x_wconf 84' lang='lat' dir='ltr'>gremio.</span> <span class='ocrx_word' id='word_1_174' title='bbox 923 1828 1028 1860; x_wconf 87' lang='lat' dir='ltr'>Reddi</span> <span class='ocrx_word' id='word_1_175' title='bbox 1054 1829 1123 1861; x_wconf 87' lang='lat' dir='ltr'>viro</span> <span class='ocrx_word' id='word_1_176' title='bbox 1148 1828 1265 1861; x_wconf 86' lang='lat' dir='ltr'>virilia.</span> 
     </span>
    </p>

    <p class='ocr_par' dir='ltr' id='par_1_14' title="bbox 183 1884 1270 1929">
     <span class='ocr_line' id='line_1_33' title="bbox 183 1884 1270 1929; baseline 0.001 -12"><span class='ocrx_word' id='word_1_177' title='bbox 183 1887 213 1920; x_wconf 87' lang='lat'>3.</span> <span class='ocrx_word' id='word_1_178' title='bbox 241 1884 304 1917; x_wconf 87' lang='lat' dir='ltr'>Sed</span> <span class='ocrx_word' id='word_1_179' title='bbox 330 1894 413 1917; x_wconf 89' lang='lat' dir='ltr'>mors</span> <span class='ocrx_word' id='word_1_180' title='bbox 440 1887 488 1916; x_wconf 86' lang='lat' dir='ltr'>est</span> <span class='ocrx_word' id='word_1_181' title='bbox 511 1886 545 1917; x_wconf 89' lang='lat' dir='ltr'>in</span> <span class='ocrx_word' id='word_1_182' title='bbox 570 1885 734 1917; x_wconf 84' lang='lat' dir='ltr'>victoriam</span> <span class='ocrx_word' id='word_1_183' title='bbox 865 1887 897 1918; x_wconf 91' lang='lat'>6.</span> <span class='ocrx_word' id='word_1_184' title='bbox 925 1886 974 1918; x_wconf 87' lang='lat' dir='ltr'>Sit</span> <span class='ocrx_word' id='word_1_185' title='bbox 998 1885 1134 1917; x_wconf 81' lang='lat' dir='ltr'>trinitati</span> <span class='ocrx_word' id='word_1_186' title='bbox 1158 1886 1270 1929; x_wconf 87' lang='lat' dir='ltr'>gloria,</span> 
     </span>
    </p>

    <p class='ocr_par' dir='ltr' id='par_1_15' title="bbox 241 1932 1448 2069">
     <span class='ocr_line' id='line_1_34' title="bbox 243 1932 1416 1980; baseline 0.003 -17"><span class='ocrx_word' id='word_1_187' title='bbox 243 1932 342 1964; x_wconf 87' lang='lat' dir='ltr'>Versa</span> <span class='ocrx_word' id='word_1_188' title='bbox 366 1941 425 1972; x_wconf 91' lang='lat' dir='ltr'>per</span> <span class='ocrx_word' id='word_1_189' title='bbox 449 1932 511 1964; x_wconf 89' lang='lat' dir='ltr'>Dei</span> <span class='ocrx_word' id='word_1_190' title='bbox 534 1933 679 1972; x_wconf 64' lang='lat' dir='ltr'>gratiam⁷</span> <span class='ocrx_word' id='word_1_191' title='bbox 926 1933 1021 1980; x_wconf 79' lang='lat' dir='ltr'>GuJ&#39;us</span> <span class='ocrx_word' id='word_1_192' title='bbox 1046 1936 1121 1965; x_wconf 87' lang='lat' dir='ltr'>sunt</span> <span class='ocrx_word' id='word_1_193' title='bbox 1143 1933 1224 1965; x_wconf 88' lang='lat' dir='ltr'>haec</span> <span class='ocrx_word' id='word_1_194' title='bbox 1247 1935 1416 1978; x_wconf 81' lang='lat' dir='ltr'>magnalia,</span> 
     </span>
     <span class='ocr_line' id='line_1_35' title="bbox 241 1979 1448 2020; baseline 0.003 -10"><span class='ocrx_word' id='word_1_195' title='bbox 241 1979 339 2017; x_wconf 80' lang='lat' dir='ltr'>Quem</span> <span class='ocrx_word' id='word_1_196' title='bbox 363 1979 505 2012; x_wconf 87' lang='lat' dir='ltr'>volentes</span> <span class='ocrx_word' id='word_1_197' title='bbox 531 1980 731 2020; x_wconf 78' lang='lat' dir='ltr'>exstinguere</span> <span class='ocrx_word' id='word_1_198' title='bbox 925 1981 1012 2020; x_wconf 79' lang='lat' dir='ltr'>Quae</span> <span class='ocrx_word' id='word_1_199' title='bbox 1036 1981 1190 2013; x_wconf 84' lang='lat' dir='ltr'>Thomam</span> <span class='ocrx_word' id='word_1_200' title='bbox 1217 1991 1286 2013; x_wconf 88' lang='lat' dir='ltr'>cum</span> <span class='ocrx_word' id='word_1_201' title='bbox 1314 1981 1448 2014; x_wconf 85' lang='lat' dir='ltr'>victoria</span> 
     </span>
     <span class='ocr_line' id='line_1_36' title="bbox 244 2026 1350 2069; baseline 0.004 -11"><span class='ocrx_word' id='word_1_202' title='bbox 244 2026 379 2058; x_wconf 81' lang='lat' dir='ltr'>Gemunt</span> <span class='ocrx_word' id='word_1_203' title='bbox 406 2035 474 2058; x_wconf 90' lang='lat' dir='ltr'>cum</span> <span class='ocrx_word' id='word_1_204' title='bbox 502 2026 628 2059; x_wconf 85' lang='lat' dir='ltr'>Christo</span> <span class='ocrx_word' id='word_1_205' title='bbox 653 2027 769 2059; x_wconf 87' lang='lat' dir='ltr'>vivere.</span> <span class='ocrx_word' id='word_1_206' title='bbox 925 2028 980 2060; x_wconf 79' lang='lat' dir='ltr'>Ad</span> <span class='ocrx_word' id='word_1_207' title='bbox 1006 2029 1086 2059; x_wconf 85' lang='lat' dir='ltr'>coeli</span> <span class='ocrx_word' id='word_1_208' title='bbox 1112 2029 1199 2061; x_wconf 78' lang='lat' dir='ltr'>vexit</span> <span class='ocrx_word' id='word_1_209' title='bbox 1223 2029 1350 2069; x_wconf 76' lang='lat' dir='ltr'>gaudia.</span> 
     </span>
    </p>
   </div>
   <div class='ocr_carea' id='block_1_9' title="bbox 260 2089 1349 2128">
    <p class='ocr_par' dir='ltr' id='par_1_16' title="bbox 260 2089 1349 2128">
     <span class='ocr_line' id='line_1_37' title="bbox 260 2089 1349 2128; baseline 0.003 -11"><span class='ocrx_word' id='word_1_210' title='bbox 260 2091 344 2118; x_wconf 87' lang='lat' dir='ltr'>Brev.</span> <span class='ocrx_word' id='word_1_211' title='bbox 366 2099 418 2118; x_wconf 85' lang='lat' dir='ltr'>ms.</span> <span class='ocrx_word' id='word_1_212' title='bbox 440 2091 579 2119; x_wconf 85' lang='lat' dir='ltr'>Curiense</span> <span class='ocrx_word' id='word_1_213' title='bbox 601 2100 676 2119; x_wconf 84' lang='lat' dir='ltr'>saec.</span> <span class='ocrx_word' id='word_1_214' title='bbox 699 2089 743 2118; x_wconf 86' lang='lat'>15.</span> <span class='ocrx_word' id='word_1_215' title='bbox 784 2091 854 2119; x_wconf 78' lang='lat' dir='ltr'>eod.</span> <span class='ocrx_word' id='word_1_216' title='bbox 874 2092 960 2119; x_wconf 88' lang='lat' dir='ltr'>Arch.</span> <span class='ocrx_word' id='word_1_217' title='bbox 981 2091 1149 2128; x_wconf 80' lang='lat' dir='ltr'>Sangallen.</span> <span class='ocrx_word' id='word_1_218' title='bbox 1170 2093 1276 2122; x_wconf 82' lang='lat' dir='ltr'>Fabar.</span> <span class='ocrx_word' id='word_1_219' title='bbox 1296 2094 1349 2121; x_wconf 68' lang='grc' dir='ltr'>Π.</span> 
     </span>
    </p>
   </div>
   <div class='ocr_carea' id='block_1_10' title="bbox 612 2198 1065 2232">
    <p class='ocr_par' dir='ltr' id='par_1_17' title="bbox 612 2198 1065 2232">
     <span class='ocr_line' id='line_1_38' title="bbox 612 2198 1065 2232; baseline 0.002 -2"><span class='ocrx_word' id='word_1_220' title='bbox 612 2200 682 2230; x_wconf 87' lang='grc'>494.</span> <span class='ocrx_word' id='word_1_221' title='bbox 713 2198 757 2229; x_wconf 84' lang='lat' dir='ltr'>De</span> <span class='ocrx_word' id='word_1_222' title='bbox 778 2201 886 2231; x_wconf 76' lang='lat' dir='ltr'>saneto</span> <span class='ocrx_word' id='word_1_223' title='bbox 908 2200 1065 2232; x_wconf 84' lang='lat' dir='ltr'>Udalrico.</span> 
     </span>
    </p>
   </div>
   <div class='ocr_carea' id='block_1_11' title="bbox 188 2269 1409 2452">
    <p class='ocr_par' dir='ltr' id='par_1_18' title="bbox 188 2269 1409 2452">
     <span class='ocr_line' id='line_1_39' title="bbox 188 2269 1407 2310; baseline 0.004 -9"><span class='ocrx_word' id='word_1_224' title='bbox 188 2271 218 2303; x_wconf 90' lang='lat'>1.</span> <span class='ocrx_word' id='word_1_225' title='bbox 247 2270 285 2301; x_wconf 90' lang='lat' dir='ltr'>In</span> <span class='ocrx_word' id='word_1_226' title='bbox 310 2269 405 2301; x_wconf 84' lang='lat' dir='ltr'>laude</span> <span class='ocrx_word' id='word_1_227' title='bbox 429 2269 512 2309; x_wconf 85' lang='lat' dir='ltr'>regis</span> <span class='ocrx_word' id='word_1_228' title='bbox 534 2269 672 2299; x_wconf 88' lang='lat' dir='ltr'>omnium</span> <span class='ocrx_word' id='word_1_229' title='bbox 871 2271 903 2302; x_wconf 85' lang='lat'>2.</span> <span class='ocrx_word' id='word_1_230' title='bbox 928 2270 1000 2301; x_wconf 84' lang='lat' dir='ltr'>Hac</span> <span class='ocrx_word' id='word_1_231' title='bbox 1021 2279 1136 2310; x_wconf 87' lang='lat' dir='ltr'>nempe</span> <span class='ocrx_word' id='word_1_232' title='bbox 1160 2271 1263 2303; x_wconf 90' lang='lat' dir='ltr'>laetus</span> <span class='ocrx_word' id='word_1_233' title='bbox 1287 2272 1407 2308; x_wconf 83' lang='lat' dir='ltr'>lumine</span> 
     </span>
     <span class='ocr_line' id='line_1_40' title="bbox 247 2315 1409 2356; baseline 0.006 -8"><span class='ocrx_word' id='word_1_234' title='bbox 247 2316 293 2348; x_wconf 86' lang='lat' dir='ltr'>Et</span> <span class='ocrx_word' id='word_1_235' title='bbox 315 2315 462 2348; x_wconf 83' lang='lat' dir='ltr'>Udalrici</span> <span class='ocrx_word' id='word_1_236' title='bbox 485 2315 643 2355; x_wconf 77' lang='lat' dir='ltr'>praesulis</span> <span class='ocrx_word' id='word_1_237' title='bbox 930 2315 1101 2349; x_wconf 79' lang='lat' dir='ltr'>Confessor</span> <span class='ocrx_word' id='word_1_238' title='bbox 1123 2317 1211 2349; x_wconf 83' lang='lat' dir='ltr'>idem</span> <span class='ocrx_word' id='word_1_239' title='bbox 1235 2319 1409 2356; x_wconf 81' lang='lat' dir='ltr'>Udalricus</span> 
     </span>
     <span class='ocr_line' id='line_1_41' title="bbox 247 2362 1346 2408; baseline 0.003 -13"><span class='ocrx_word' id='word_1_240' title='bbox 247 2363 336 2395; x_wconf 87' lang='lat' dir='ltr'>Totis</span> <span class='ocrx_word' id='word_1_241' title='bbox 360 2362 509 2395; x_wconf 87' lang='lat' dir='ltr'>medullis</span> <span class='ocrx_word' id='word_1_242' title='bbox 536 2362 678 2394; x_wconf 88' lang='lat' dir='ltr'>cordium</span> <span class='ocrx_word' id='word_1_243' title='bbox 930 2364 1072 2395; x_wconf 85' lang='lat' dir='ltr'>Terrena</span> <span class='ocrx_word' id='word_1_244' title='bbox 1096 2364 1191 2403; x_wconf 83' lang='lat' dir='ltr'>liquit</span> <span class='ocrx_word' id='word_1_245' title='bbox 1213 2365 1346 2408; x_wconf 83' lang='lat' dir='ltr'>lubrica,</span> 
     </span>
     <span class='ocr_line' id='line_1_42' title="bbox 246 2409 1307 2452; baseline 0.002 -9"><span class='ocrx_word' id='word_1_246' title='bbox 246 2411 380 2444; x_wconf 86' lang='lat' dir='ltr'>Insistat</span> <span class='ocrx_word' id='word_1_247' title='bbox 404 2410 483 2442; x_wconf 86' lang='lat' dir='ltr'>haec</span> <span class='ocrx_word' id='word_1_248' title='bbox 507 2409 599 2450; x_wconf 88' lang='lat' dir='ltr'>plebs</span> <span class='ocrx_word' id='word_1_249' title='bbox 624 2409 748 2442; x_wconf 87' lang='lat' dir='ltr'>muniis.</span> <span class='ocrx_word' id='word_1_250' title='bbox 931 2410 1018 2442; x_wconf 90' lang='lat' dir='ltr'>Coeli</span> <span class='ocrx_word' id='word_1_251' title='bbox 1042 2411 1158 2451; x_wconf 83' lang='lat' dir='ltr'>petivit</span> <span class='ocrx_word' id='word_1_252' title='bbox 1182 2413 1307 2452; x_wconf 85' lang='lat' dir='ltr'>gaudia.</span> 
     </span>
    </p>
   </div>
  </div>
 </body>
</html>
