1653 2637
700 120 955 156 -206—

528 242 596 274 352.
630 243 671 274 De
693 250 717 274 s.
738 242 879 273 Johannc
899 241 1118 281 Evangelista.

724 319 772 350 Ad
792 318 919 349 Laudes.

412 399 442 434 1.
467 399 594 440 Magnis
620 400 772 432 ecclesiae
795 399 944 432 laudibus
969 399 1054 431 omni

467 446 560 479 Nunc
585 451 616 479 et
640 449 794 487 perpetuo
820 448 881 479 rite
906 447 1047 487 colende,

467 493 606 526 Nostrae
630 494 795 535 suscipias,
821 496 931 527 sancte
953 494 1124 535 „Iohannes

466 541 651 581 Dignanter‚
678 542 824 585 petimus,
851 542 959 574 munia
982 542 1079 574 vocis.

409 620 440 650 2.
468 617 624 658 Christus,
649 618 811 659 virgineae
835 618 920 650 filius
946 618 1048 658 aulae,

467 664 578 697 Temet
606 674 685 705 prae
708 666 813 706 sociis,
839 666 950 698 inclite
975 666 1110 704 caelebs,

465 712 570 744 Fovet
592 722 651 753 pro
677 713 789 745 merito
815 712 1018 753 virginitatis,

467 760 525 792 Cui
550 764 683 792 matrem
709 761 809 793 voluit
834 761 967 793 credere
992 762 1121 792 castam.

408 837 441 870 3.
466 837 514 868 Te
538 837 677 868 clemens
702 836 798 869 etiam
822 838 935 876 pectus
958 837 993 868 in
1017 836 1135 868 almum

466 884 628 916 Acclinem
655 885 751 916 satiat
775 883 863 916 fonte
886 884 1030 926 perenni,

467 931 607 963 Verbum
633 940 668 962 se
693 931 832 972 genitum
858 940 918 971 quo
942 934 1035 971 patre
1061 931 1196 970 discens,

466 977 540 1010 Hoc
567 978 650 1011 natis
676 978 836 1011 hominum
862 979 1005 1017 pandere
1029 986 1149 1017 posses.

408 1055 438 1087 4.
466 1054 560 1086 Nunc
584 1057 689 1086 autem
715 1053 798 1087 facie
823 1063 954 1086 cernere
978 1054 1129 1095 gaudens,

468 1102 557 1140 Quod
585 1101 702 1134 dudum
729 1104 858 1142 poteras
882 1109 1030 1141 promere
1058 1109 1141 1139 voce,

468 1149 595 1181 Nostris
619 1149 825 1190 multimodis,
853 1149 944 1189 alme,
971 1149 1108 1189 querelis

467 1197 568 1229 Orans
594 1205 653 1236 pro
678 1197 805 1228 miseris
832 1196 1046 1236 compatiaris.

409 1274 440 1305 5.
468 1272 516 1304 Sit
539 1272 608 1303 laus
630 1272 780 1313 ingenito,
806 1272 908 1313 gloria
931 1275 1006 1303 nato

466 1320 572 1358 Atque
597 1319 725 1359 spiritui
747 1319 848 1358 J'ubila
872 1322 994 1360 saneto,

468 1366 527 1405 Qui
554 1367 673 1398 coelum
698 1366 866 1398 moderans
892 1367 993 1398 trinus
1020 1369 1052 1396 et
1075 1374 1167 1405 unus,

469 1413 624 1453 Dignetur
648 1414 752 1445 visere
776 1423 854 1446 arva
878 1413 1049 1445 Johannes

244 1506 328 1535 BreV.
350 1516 401 1535 ms.
417 1506 609 1544 Sangallense
629 1515 704 1535 saec.
718 1504 762 1534 11.
793 1507 862 1535 Cod.
878 1506 1046 1543 Sangallen.
1063 1503 1128 1535 413.
1143 1521 1179 1525 —
1194 1504 1220 1540 3,
1244 1504 1258 1533 1
1273 1508 1375 1541 peetus
1389 1506 1421 1532 in
1435 1506 1477 1533 al-

170 1553 247 1572 vum.
268 1559 305 1563 —
326 1543 352 1580 5,
373 1543 393 1572 4
413 1546 482 1573 Lies
502 1545 669 1573 Johannis?

536 1711 601 1743 353.
631 1711 675 1743 De
694 1720 717 1743 s.
740 1711 879 1744 Johanne
897 1711 1116 1752 Evangelista

171 1801 200 1835 1.
229 1801 368 1841 Gignens
393 1810 451 1841 per
476 1803 672 1843 evangelium
852 1804 883 1836 3.
910 1802 1013 1835 Unice
1038 1810 1147 1835 amans
1171 1802 1298 1834 unicam

228 1849 296 1881 Deo
321 1850 430 1882 turbas
457 1848 597 1882 fidelium
913 1850 1058 1883 Christus
1084 1851 1114 1882 ei
1140 1850 1196 1881 dat
1221 1849 1391 1888 dominam,

227 1896 389 1930 Johannes
413 1896 474 1928 Dei
499 1898 603 1937 grat-ia
911 1897 1014 1937 Super
1038 1906 1132 1937 quam
1156 1897 1203 1929 nil
1227 1898 1399 1935 amaverat,

227 1944 292 1976 Det,
314 1943 461 1976 tristibus
485 1944 610 1976 solatia.
910 1945 996 1977 Huic
1019 1948 1153 1977 matrem
1180 1945 1466 1977 commendaverat.

168 2022 199 2052 2.
227 2019 284 2052 Cui
311 2020 455 2052 Christus
480 2020 681 2060 privilegium
851 2023 883 2054 4.
911 2020 1059 2060 Suscepit
1085 2021 1323 2053 dilectissimam

226 2067 291 2099 Dat
316 2067 433 2098 amoris
460 2067 629 2107 egregium,
910 2068 974 2099 Hic
1001 2068 1092 2108 virgo
1116 2067 1372 2108 virginissimam,

227 2114 317 2153 Quod
341 2114 494 2153 virginem
520 2118 653 2146 matrem
677 2115 750 2154 ipsi,
910 2114 955 2146 Ut
980 2114 1014 2146 fu
1028 2139 1392 2148 .......

226 2162 334 2202 Ipsum
360 2161 417 2193 dat
439 2164 548 2193 natum
572 2161 698 2201 virgini.
912 2187 1392 2199 .........

242 2255 333 2283 Psalt.
353 2262 406 2282 ms.
427 2255 586 2282 Tui-icense
606 2262 681 2282 saec.
705 2252 748 2283 13.
786 2253 854 2283 Cod.
877 2253 963 2281 civit.
982 2255 1117 2283 Tur-icen.
1140 2254 1162 2282 C
1184 2253 1246 2283 155.
1267 2272 1305 2276 —
1327 2255 1351 2290 1,
1372 2255 1392 2284 4
1413 2259 1480 2286 tris-

165 2296 213 2322 tis.
239 2307 277 2312 —-
303 2290 335 2327 3,
363 2291 381 2319 2
402 2293 430 2319 ei
451 2293 578 2329 ergiinzt.
600 2308 638 2313 —
659 2290 691 2325 3,
718 2290 736 2321 3
756 2292 838 2319 nihil.
859 2306 898 2312 -ι-
916 2290 950 2325 4,
977 2291 994 2321 3
1014 2293 1075 2320 Das
1095 2293 1225 2321 Weitere
1245 2293 1326 2322 fehlt„
1346 2309 1385 2314 ——
1404 2296 1480 2324 Dem

165 2333 301 2368 Hymnus
327 2331 398 2368 geht
423 2330 497 2358 ohne
516 2330 627 2358 Absatz
653 2331 759 2359 vorher
784 2331 836 2358 das
855 2330 944 2358 Lied:
973 2331 1023 2358 Fit
1049 2336 1133 2367 porta
1155 2332 1264 2360 Christi
1283 2336 1400 2369 pervia3
1427 2343 1481 2363 vor

166 2371 272 2399 beiden
292 2370 371 2397 steht
391 2368 441 2396 die
456 2368 585 2397 Rubrik:
606 2369 716 2405 Incipit
732 2377 834 2397 cursus
846 2369 957 2396 Beatae
968 2369 1082 2397 Mariae
1094 2369 1226 2407 Virginis
1248 2373 1278 2398 et
1290 2371 1320 2399 S.
1334 2372 1481 2402 Johannis

165 2408 384 2446 Evangelistae.
