1653 2637
690 116 952 154 *214—

625 231 690 263 369.
721 232 766 263 De
785 232 893 263 saneto
914 230 1013 263 Justo.

163 304 194 337 1.
222 303 246 336 O
274 302 411 343 Christe,
441 311 498 335 rex
520 303 675 343 justitiae,
848 304 879 336 4.
907 303 961 335 Sic
985 312 1044 343 per
1068 304 1133 336 tale
1157 303 1345 343 martyrium

224 350 454 391 Congratulans
481 356 588 384 coetus
612 351 674 382 iste
906 350 1039 383 Scandit
1064 350 1144 382 coeli
1168 349 1339 391 fastigium,

221 397 292 430 Jam
320 398 478 439 depromit
504 398 562 430 tibi
589 398 748 438 hymnum,
907 398 1046 430 Adsistit
1069 398 1101 429 in
1126 397 1189 430 Dei
1213 399 1303 430 vultu

222 445 317 477 Suum
345 446 470 477 solvens
495 445 669 484 servitium,
907 446 1006 478 Liber
1030 445 1070 478 ab
1096 446 1182 478 omni
1206 446 1353 478 tumultu.

164 504 195 536 2.
224 503 356 534 Pulsans
381 505 467 535 tuam
492 503 654 542 pietatem,
848 505 879 535 5.
906 503 1001 534 Hunc.
1024 502 1111 535 Deus
1141 503 1232 534 nobis
1257 506 1424 542 patronum

220 550 319 581 Flens
346 559 434 582 suam
459 550 659 589 iniquitatem
907 552 976 583 Fac
1001 559 1126 589 semper
1151 550 1265 582 adesse
1290 551 1416 591 bonum,

222 597 378 637 Martyris
403 597 436 628 in
461 596 541 628 festo
567 596 661 637 Justi,
906 598 1000 629 Nunc
1024 598 1077 630 hic
1100 606 1158 630 nos
1184 606 1280 637 prece
1306 597 1458 630 defendat

224 645 317 683 Quem
346 644 406 676 tibi
429 647 570 676 sanctum
596 643 710 676 fecisti.
905 645 946 677 Et
971 646 1013 676 ad
1040 645 1188 677 coelestia
1212 644 1305 678 ferat.

166 702 197 735 3.
224 702 322 739 Quem
345 702 379 733 in
403 709 506 740 primo
532 701 604 732 aevi
627 700 705 732 flore
848 704 880 735 6.
903 702 995 741 Quod
1018 704 1160 742 praestet
1184 703 1286 734 trinus
1315 705 1347 734 et
1370 712 1451 736 unus

222 748 340 780 Saevus
365 748 483 780 occidit
507 757 656 780 mucrone
909 750 1008 781 Verus
1033 749 1120 781 Deus
1147 752 1180 780 et
1202 750 1368 789 Dominus,

221 795 330 828 Veluti
356 793 522 827 florentem
548 805 652 828 rosam
909 796 965 828 Oui
988 797 1031 828 sit
1054 797 1155 829 honor
1181 800 1214 828 et.
1238 797 1340 837 gloria

221 844 258 875 In
285 843 414 875 Jericho
439 844 626 883 speciosam.
906 845 969 876 Per
993 845 1191 877 saeculorum
1216 846 1353 878 saecula.

235 909 338 944 Prtpr.
362 917 416 936 ms.
435 909 618 937 Ermum&-
646 916 721 936 saee.
742 907 787 936 16.
828 909 898 937 Cod.
918 909 1077 937 Eremitcn.
1098 908 1145 938 93.
1165 910 1200 937 A.
1230 926 1267 930 —
1292 912 1394 946 Propr.
1421 920 1474 939 ius.

162 946 346 974 Eremitenso
366 954 441 974 saec.
465 945 508 973 16.
528 948 568 974 in.
609 945 676 974 Cod.
699 946 857 974 Eremiten.
878 945 933 974 616
956 947 989 973 B.

595 1065 659 1097 370.
691 1066 733 1097 De
752 1075 775 1096 s.
796 1066 919 1097 Kanuto
941 1066 1031 1098 Duce.

693 1133 741 1162 Ad
760 1132 952 1163 Nocturnum.

168 1203 199 1234 1.
225 1202 332 1233 Primo
357 1202 554 1243 proscriptos
578 1204 685 1241 patria
851 1204 881 1236 3.
906 1204 992 1244 DuX,
1018 1213 1075 1236 ora
1099 1214 1205 1245 regem
1230 1205 1360 1246 gloriae,

223 1249 394 1281 Parentum
420 1250 637 1290 imprudentia
908 1251 967 1290 Qui
991 1260 1126 1291 sponsus
1151 1256 1198 1284 est
1224 1254 1387 1293 ecclesiae,

223 1297 276 1328 Ad
301 1305 453 1336 praesens
477 1300 626 1336 premunt
650 1298 784 1338 propria
908 1298 953 1330 Ut
979 1308 1036 1330 nos
1061 1299 1093 1330 in
1120 1300 1186 1340 ejus
1214 1308 1348 1339 corpore

222 1343 288 1375 Nos
314 1347 515 1383 peccatorum
541 1345 694 1384 pondera.
908 1345 1021 1377 Servet
1044 1346 1076 1378 in
1100 1348 1189 1387 pacis
1213 1347 1354 1381 foedere.

168 1402 199 1433 2.
226 1400 407 1432 Alleviatur
432 1401 566 1441 sarcina,
849 1404 883 1436 4.
909 1403 1020 1444 Parce,
1046 1408 1150 1444 parer,
1177 1405 1317 1437 reatibus

224 1447 258 1478 Si
283 1456 345 1478 non
370 1456 430 1487 per
454 1451 563 1479 nostra
586 1449 710 1489 merita,
907 1450 1038 1482 Patroni
1062 1452 1164 1484 nostri
1187 1453 1346 1492 precibus,

225 1494 273 1526 Ob
298 1496 447 1533 martyris
471 1494 630 1535 suffragia,
907 1497 1051 1530 Devictis
1079 1500 1199 1531 cunctis
1225 1501 1368 1532 hostibus

226 1541 322 1582 Cujus
347 1545 421 1573 sunt
445 1543 524 1574 haec
548 1542 710 1575 solemnia.
910 1545 977 1576 Pax
1001 1546 1044 1576 sit
1067 1547 1185 1578 nostris
1210 1547 1417 1587 temporibus,

564 1600 593 1632 5.
619 1599 719 1640 Patri,
743 1600 836 1640 proli,
863 1600 1018 1639 paraclito

619 1646 734 1678 Trinus
759 1646 860 1679 honor
884 1649 939 1679 uni
963 1647 1043 1689 Deo,

620 1694 716 1734 Cujus
740 1694 832 1726 nobis
856 1694 1014 1735 professio

622 1741 750 1773 Peccati
776 1742 818 1773 sit
842 1743 995 1777 remissio.

243 1811 326 1833 isi-ev.
348 1805 558 1834 Roschildense
578 1807 647 1842 imp.
668 1806 793 1835 Parisiis
817 1805 898 1835 1517.

603 1917 663 1949 371.
693 1918 737 1950 De
756 1927 780 1950 s.
803 1919 924 1951 Kanuto
946 1919 1036 1953 Duce.

722 1987 772 2016 Ad
789 1986 917 2017 Laudes.

167 2053 198 2085 1,
225 2052 351 2084 Gaudet
374 2056 476 2086 mater
501 2055 645 2095 eeclesia,
851 2059 882 2090 3.
908 2058 1021 2090 Plures
1044 2060 1132 2099 parit
1154 2062 1318 2103 martyrio,

224 2099 310 2138 Quae
333 2101 459 2140 pridem
483 2103 583 2141 prolis
609 2102 725 2144 nescia,
908 2105 1045 2143 Quorum
1073 2107 1183 2138 ducem
1211 2111 1368 2143 consortio

223 2148 378 2180 Fecunda
400 2149 507 2188 spousi
533 2150 637 2190 gratia
907 2152 1025 2185 Sancta
1046 2155 1151 2193 junxit
1179 2156 1305 2189 devotio

223 2194 278 2226 Fit
303 2195 422 2228 sterilis
447 2205 616 2236 puerpera.
907 2199 951 2231 Et.
974 2202 1136 2242 sanguinis
1162 2203 1280 2238 effusio.

166 2254 199 2286 2,
222 2251 394 2284 Frustrata
416 2252 496 2293 legis
520 2252 652 2285 foedere
848 2259 880 2290 4.
906 2257 930 2289 O
956 2257 1008 2298 pie
1032 2259 1139 2298 proles
1164 2262 1261 2304 regie,

224 2298 335 2332 Cessat.
358 2300 476 2332 ancilla
501 2310 623 2343 parere,
905 2304 979 2337 Dux
1005 2309 1037 2337 et
1061 2311 1183 2349 martyr
1209 2312 1344 2353 egregie,

223 2346 288 2379 Sed
311 2345 393 2379 fides
416 2348 450 2379 in
474 2349 667 2388 baptismate
905 2352 974 2385 Tuo
999 2357 1108 2387 sancto
1134 2358 1307 2391 munimine

224 2396 398 2435 Praeponit
426 2398 538 2436 partus
562 2396 694 2430 liberae.
909 2400 1070 2435 Conserva
1093 2413 1150 2437 nos
1174 2414 1193 2437 a
1219 2406 1360 2443 crimine.
