1653 2637
733 140 992 176 —207—

567 232 634 265 354.
665 233 707 265 De
733 242 756 265 s.
777 235 918 266 Johanne
938 234 1159 276 Evangelista.

752 303 802 333 Ad
821 302 977 341 Vesperas.

228 392 235 399 .
263 366 385 408 Gaude,
416 369 562 401 coelestis
589 371 687 414 curia,
890 373 923 405 4.
949 372 1105 405 Recubuit
1130 373 1163 405 in
1190 376 1320 413 pectore

261 415 366 447 Tanta
389 417 521 448 lucerna
544 418 666 462 inclita,
951 419 1088 452 Coelesti
1113 420 1224 453 hausto
1249 423 1389 460 nectare,

261 462 307 494 Et
331 465 377 500 tu,
403 467 507 496 mater
533 466 677 506 ecelesia,
948 468 1163 508 Amplectitur
1190 468 1341 501 divinitus

265 511 422 544 «Iohannis
447 521 596 551 promens
621 514 766 554 gloriam.
950 515 996 548 Ut
1021 515 1139 549 Christi
1164 516 1408 548 amantissimus.

227 595 232 600 .
261 568 321 607 Qui
346 578 501 609 spernens
525 570 636 603 mundi
661 572 786 612 gaudia,
893 575 923 605 5.
947 573 1045 614 Virgo
1072 573 1189 604 electus
1214 573 1343 605 Domini

264 616 406 656 Sequens
433 616 553 649 Christi
578 618 721 661 vestigia,
951 621 981 653 A
1008 620 1134 653 Christo
1161 621 1255 653 <latur
1280 620 1404 662 virgini,

261 663 468 704 Evangelista
493 666 649 697 maximus
951 669 998 702 Ut
1021 669 1103 700 alter
1128 672 1213 699 esset
1235 667 1320 701 filius

262 710 431 743 Exsistens
460 715 490 743 et
516 713 689 752 apostolus.
952 715 1029 747 Post
1057 715 1161 754 ipsum
1187 716 1420 750 dilectissimus,

226 793 233 801 .
259 767 414 800 Florebat
438 769 472 800 in
498 770 671 803 virtutibus
893 773 924 804 6.
951 771 1062 804 Gloria
1086 772 1155 812 tibi,
1181 772 1325 815 Domine,

261 814 305 847 Ut
328 814 444 847 lucifer
471 817 677 857 clarissimus⁷
951 819 1012 858 Qui
1035 822 1127 851 natus
1153 828 1186 851 es
1213 820 1253 852 de
1278 819 1410 859 virgine⁷

261 864 359 901 Quem
387 863 522 904 diligens
546 874 625 905 prae
650 865 795 897 omnibus
952 867 1031 900 Cum
1055 869 1148 907 patre
1174 876 1206 898 ec
1229 870 1338 899 sancto
1363 867 1479 906 spiritu

260 911 395 943 Aeterni
419 912 521 951 patris
546 911 642 945 filius.
948 915 985 946 In
1011 914 1206 953 sempiterna
1230 914 1367 946 saecula.

276 976 380 1004 Dium.
402 985 455 1004 ms.
479 976 678 1006 Constantien.
702 986 778 1006 saec.
802 976 845 1006 14.
886 978 956 1008 Cod.
977 979 1111 1006 Turicen.
1132 978 1262 1006 Rheuov.
1286 977 1449 1006 CXXXIII.

570 1108 636 1140 355.
666 1108 710 1139 De
733 1117 757 1139 5.
780 1108 920 1140 ι1011011110
940 1108 1156 1149 Evangelista.

227 1204 234 1210 .
262 1177 354 1209 Novo
379 1178 540 1218 psallendi
562 1179 665 1219 jubilo
893 1180 923 1211 3.
950 1178 1116 1211 Miraculis
1141 1177 1285 1210 refloruit

260 1224 422 1265 Hymnum
449 1234 596 1258 canamus
621 1225 768 1267 Domino,
950 1226 1190 1265 Virtutibusque
1216 1227 1341 1266 claruit,

260 1273 321 1312 Qui
345 1274 533 1317 Johannem,
563 1284 617 1306 vas
643 1274 774 1317 gratiae,
950 1274 1127 1305 Sanctitate
1150 1273 1346 1313 magnificus,

263 1319 402 1353 Cunctae
429 1320 520 1354 dedit
547 1321 709 1353 ecclesiae.
950 1321 1052 1352 Homo
1078 1322 1162 1351 totus
1190 1318 1331 1351 deificus.

225 1402 230 1409 .
261 1377 374 1409 Verbis
398 1377 460 1409 iste
487 1377 654 1417 dulcifluiS,
889 1379 921 1409 4.
948 1377 1051 1416 Hujus
1078 1384 1184 1417 prece,
1210 1376 1288 1408 Jesu
1311 1374 1375 1416 pie,

258 1424 397 1457 Errores
423 1423 514 1465 fugat
537 1425 678 1458 haeresis
949 1423 1083 1455 Chorum
1110 1425 1250 1453 nostrum
1279 1421 1426 1452 consocia

257 1472 295 1503 In
325 1472 548 1512 mentibusque
572 1473 732 1504 hominum
947 1470 1060 1503 Choris
1087 1469 1233 1500 coelestis
1262 1467 1378 1506 curiae,

258 1519 360 1551 Fudit
382 1520 488 1551 lumen
505 1519 697 1560 salvificum.
947 1517 1009 1549 Ubi
1033 1516 1118 1556 jugis
1140 1516 1290 1548 melodia.

276 1585 429 1613 Festorum
455 1586 684 1621 compositorum
711 1584 855 1612 ecclesiae
878 1583 1053 1618 collegiatae
1073 1581 1175 1609 Sancti
1194 1581 1321 1610 Joaunis
1342 1589 1401 1616 apo,
1416 1580 1470 1607 toli
1491 1581 1521 1607 et

196 1624 396 1659 evangelistae
415 1623 595 1651 Buscoducis
615 1630 683 1660 pars
704 1622 841 1650 hiemalis
861 1623 931 1658 imp.
953 1630 976 1649 s.
997 1622 1017 1649 1.
1039 1623 1069 1649 et
1088 1628 1114 1648 a.

485 1744 550 1776 356.
579 1745 615 1777 In
635 1744 827 1776 Reversione
847 1750 870 1774 s.
891 1743 1042 1775 ι10110111115
1064 1742 1103 1774 ab
1127 1741 1233 1774 exilio.

745 1812 794 1842 Ad
813 1813 971 1849 vesperas.

202 1885 232 1918 1.
260 1884 360 1916 Sacra
385 1882 476 1915 nobis
502 1883 686 1915 solemnitas
887 1884 919 1915 4.
946 1882 1038 1921 Quod
1063 1881 1204 1913 clausurn
1231 1884 1301 1913 erat
1327 1879 1456 1920 homiui,

259 1932 354 1965 Nova
377 1931 508 1963 reduxit
532 1932 658 1972 gaudia,
949 1929 1088 1962 Johanni
1112 1937 1190 1960 sane
1212 1928 1329 1970 patuit,

260 1979 361 2013 Levet.
385 1988 496 2012 1000115
518 1979 704 2020 Juounditas
950 1977 1035 2009 Dum
1061 1985 1159 2016 supra.
1183 1978 1295 2017 pectus
1320 1975 1450 2007 Domini

261 2029 389 2061 Vetusti
413 2026 506 2059 fletus
533 2028 651 2060 taedia.
949 2025 1040 2058 Hora
1066 2033 1183 2057 coenae
1207 2023 1364 2058 recubuit.

225 2112 230 2118 .
261 2086 375 2119 Gordis
406 2087 438 2117 et
464 2085 569 2118 carnis
594 2084 717 2126 puritas
891 2085 922 2117 5.
950 2083 1047 2124 Virgo
1072 2083 1185 2114 matris
1212 2085 1244 2114 et
1265 2081 1397 2122 virginis

259 2134 460 2167 concurrant
484 2132 567 2166 festo
593 2133 736 2173 virginis,
951 2131 1062 2164 Custos
1086 2131 1223 2162 mundus
1250 2129 1388 2172 eligitur,

261 2182 357 2223 Cujus
383 2182 518 2223 insignis
545 2181 685 2223 dignitas
951 2180 996 2212 Et.
1019 2188 1118 2220 supra
1143 2181 1277 2211 metram
1302 2177 1438 2210 hominis

260 2230 362 2263 Sensu
388 2230 533 2270 signatur
557 2229 706 2262 nominis.
949 2228 1030 2268 Ejus
1055 2228 1156 2259 honor
1183 2227 1356 2259 extollitur.

228 2312 233 2318 .
260 2288 432 2327 Johannes‚
459 2287 521 2320 Dei
546 2288 660 2328 gratia,
893 2288 924 2320 6.
951 2286 1056 2325 HuJus
1082 2284 1226 2316 suffultos
1252 2283 1375 2315 meritis

262 2334 324 2366 Dei
351 2335 470 2367 ditatus
495 2344 636 2371 munere,
950 2333 1076 2364 Mariae
1101 2340 1197 2371 prece
1221 2330 1355 2371 praevia

262 2381 402 2414 Deitatis
428 2383 583 2422 mysteria
951 2379 1077 2411 Deletis
1103 2378 1249 2410 Christus
1276 2377 1393 2410 debitis

264 2429 388 2470 Dignus
414 2427 475 2460 fuit
501 2429 669 2462 disserere.
953 2426 1021 2458 Nos
1048 2427 1142 2459 ducat
1168 2425 1210 2458 ad
1237 2424 1396 2457 coelestia.
