1653 2637
711 135 759 141 —
807 114 874 152 156
924 135 968 141 --—

191 216 224 248 3.
249 213 311 247 Hie
337 214 485 253 suscepta
507 211 572 244 fide
598 211 716 245 Christi
892 211 1118 245 .Naturamm
1141 212 1192 252 jus
1216 212 1362 254 mutavit,

248 263 425 295 Conversus
452 262 500 291 est
523 260 566 292 ad
589 260 768 300 Dominum,
927 259 1021 301 Dum,
1047 253 1137 300 virga
1162 269 1265 292 ramos
1290 260 1383 292 arida

248 308 392 341 Trahens
417 306 457 340 ab
482 316 591 339 errore
613 306 700 338 tristi
927 305 973 339 Ut
993 306 1134 349 haberet,
1159 307 1354 346 impetravit,

248 355 353 388 Multa
376 355 466 387 milia
489 354 658 386 hominum.
925 353 1026 385 Facta
1050 362 1108 393 per
1134 362 1204 386 eum
1228 353 1353 387 florida.

193 424 226 455 4.
252 424 376 461 Aquam
402 422 510 461 plures
535 429 594 459 per
618 419 810 459 profundam
869 420 900 451 7.
925 419 1038 462 Enses,
1079 420 1193 460 vinela,
1220 418 1345 459 famem,
1369 428 1490 460 poenas

247 469 327 508 Ejus
354 468 429 500 dum
453 466 575 499 ferrent
598 466 732 508 humeri,
924 467 1063 506 Propter
1088 466 1246 499 Christum
1274 476 1338 499 non
1360 467 1477 507 timuit,

250 516 393 549 Christus
425 518 561 546 mentem
586 522 694 546 amans
719 522 808 545 mun·
928 513 1049 555 virgas,
1075 514 1164 555 ignes
1190 516 1222 546 et
1247 516 1384 554 catenas,

585 561 657 593 dam
926 562 1026 593 Immo
1050 563 1184 594 mortem
1208 562 1368 596 sustinuit.

251 611 289 643 In
314 608 417 641 f01ma
442 608 528 639 venit
550 607 650 647 pueri.

191 678 222 710 5.
249 675 379 708 Nullum
402 674 526 714 pondus
550 675 652 714 maius
676 674 732 705 illo
867 674 898 706 8.
926 673 974 706 Sit
997 674 1066 706 laus
1091 673 1161 717 tibi,
1187 675 1274 708 Deus
1299 675 1390 717 alme,

249 723 342 756 Prius
368 724 516 761 expertus
541 719 657 761 fuerat,
926 720 1147 760 Christophori
1170 730 1229 761 pro
1254 723 1366 762 gloria,

246 769 436 807 Mirabatur,
463 768 546 808 quod
571 768 687 807 pusillo
929 767 1024 807 Cujus
1049 777 1106 800 nos
1133 769 1302 809 conjungat
1320 770 1446 808 palmae

248 816 397 849 Gravedo
424 815 497 847 talis
521 816 635 847 inerat.
924 815 1081 847 Praesens
1107 815 1158 847 sui
1181 815 1343 847 memoria.

264 901 372 928 Dii-eet.
396 907 450 926 ms.
475 898 505 926 S.
529 897 671 934 Stephani
698 897 888 933 Bambergen.
913 904 990 926 saee-
1016 897 1060 925 17.
1099 898 1154 926 Hs.
1182 899 1210 925 d.
1229 898 1343 926 Histor.
1363 898 1488 926 Vereins

232 935 343 965 ..2180
364 951 399 956 -—
423 935 448 971 2,
468 935 488 963 4
507 937 635 972 patravit
654 935 832 963 imbraeula.
853 950 890 955 -
912 935 937 969 7,
957 933 977 962 4
996 936 1114 970 Hymno
1138 939 1270 963 mortem.
1291 936 1416 963 —Dass
1438 937 1489 964 der

187 938 335 1049 Ξὶἒιιὲἔῖ
342 958 503 1040 bfiietlrixt'end
515 973 589 1001 {titel
602 975 649 1008 ist,
672 974 715 1001 als
730 973 777 1001 (lie
792 972 904 1006 Quelle,
918 973 1069 1001 vielleieht
1081 974 1146 1001 dem
1161 971 1205 1001 13.
1218 973 1321 1001 Jahrh.
1336 974 1486 1008 angehiirt,

635 1111 702 1143 264.
727 1111 771 1142 De
790 1112 900 1142 saneta
921 1111 1023 1142 Clara.

722 1188 771 1218 Ad
790 1188 946 1226 Vesperas.

191 1270 221 1303 1.
247 1269 344 1308 Ecce,
369 1266 486 1299 mundo
510 1267 688 1306 tepescenti
868 1267 900 1300 4.
928 1266 997 1298 Nee
1021 1268 1070 1298 est
1095 1265 1218 1306 mirum,
1245 1267 1329 1306 quod
1353 1266 1486 1306 insignis

246 1316 324 1348 Cum
348 1314 505 1347 aerumnis
531 1316 563 1345 et
588 1313 716 1353 degenti
926 1313 1021 1345 Clara
1046 1313 1169 1345 clarens
1195 1316 1244 1345 est
1267 1315 1301 1345 in
1326 1314 1434 1354 signis,

248 1362 347 1394 Stella
371 1361 460 1404 nitet,
487 1369 566 1400 quae
590 1360 737 1393 elementi
923 1360 1029 1399 Ipsam
1054 1369 1127 1392 nam
1154 1360 1278 1393 divinus
1303 1361 1385 1400 ignis

248 1407 381 1441 Confert
404 1409 591 1448 adjuvamen
617 1407 725 1439 menti.
922 1408 1103 1440 Illustravit
1128 1407 1218 1440 donis
1244 1408 1358 1449 dignis,

191 1477 221 1507 2.
248 1475 337 1507 Haec
363 1475 410 1505 est
434 1472 512 1505 felix
538 1473 626 1513 virgo
652 1473 755 1514 Clara,
864 1475 895 1506 5.
921 1473 1014 1504 Hane
1039 1473 1198 1505 collaudet
1220 1473 1398 1514 puellarum

246 1521 332 1559 Quae
355 1520 506 1552 virtutum
528 1518 644 1551 florens
670 1528 727 1552 ara
923 1519 1043 1552 Chorus
1064 1529 1125 1552 nec
1148 1529 1212 1552 non
1236 1519 1435 1560 feminarum,

246 1568 313 1600 Nos
339 1567 454 1599 ditavit
473 1567 564 1607 prole
589 1567 675 1598 clara
922 1568 1111 1599 Paradisum
1133 1576 1207 1599 nam
1230 1570 1413 1599 sanctarum

247 1614 338 1648 Omni
357 1615 442 1653 justo
469 1614 562 1653 digne
586 1622 669 1646 cara.
919 1614 1069 1647 Introivit
1093 1614 1279 1649 animarum.

191 1684 222 1716 3.
248 1681 350 1719 Hujus
377 1684 482 1712 castae
506 1680 615 1712 matris
640 1682 742 1719 natae,
865 1682 893 1714 6.
921 1681 1064 1712 vernans
1095 1690 1204 1713 norma
1229 1681 1436 1722 paupertatis,

246 1729 285 1760 In
310 1729 467 1760 coelorum
493 1735 567 1767 rege
590 1729 694 1767 natae,
921 1727 1089 1759 Interoede
1113 1737 1171 1769 pro
1196 1729 1336 1768 peccatis

243 1775 327 1807 Huic
351 1777 424 1806 sunt
448 1774 526 1806 orbe
550 1783 681 1813 sparsae
704 1775 789 1806 latae
921 1774 1058 1817 Nostris,
1084 1775 1155 1807 luce
1179 1776 1335 1808 elai-itatis

244 1823 307 1855 Per
330 1824 373 1864 te,
399 1821 534 1866 Christe,
558 1821 622 1853 Dei
644 1824 729 1853 nate.
921 1821 967 1854 Ut
988 1822 1131 1854 fruamur
1156 1831 1227 1854 eum
1250 1823 1366 1857 beatis.

578 1889 609 1921 7.
635 1887 728 1920 Doxa
751 1888 837 1928 patri
860 1889 1012 1929 increato,

638 1934 687 1966 Sit
711 1937 743 1967 et
766 1935 866 1967 honor
891 1936 957 1974 ejus
982 1939 1067 1976 nato,

636 1981 721 2014 Laus
746 1982 871 2022 spiritui
896 1982 1000 2022 beato,

639 2028 685 2060 Ut
708 2031 833 2061 utamur
856 2029 920 2061 fine
943 2032 1043 2069 grato.

264 2121 344 2151 offic.
372 2130 423 2149 ms.
445 2121 473 2149 S.
494 2122 608 2150 Mariae
630 2124 662 2150 in
683 2123 779 2157 Augia
798 2130 874 2150 saec.
897 2120 940 2150 14.
982 2123 1051 2150 Cod.
1071 2124 1232 2151 Lucernen.
1254 2122 1289 2152 13
1308 2121 1374 2159 (50).
1394 2124 1429 2152 A.
1449 2139 1488 2146 -.

187 2162 273 2189 Brev
292 2169 346 2188 ms
358 2160 388 2188 S.
401 2160 514 2188 Mariae
533 2162 567 2187 iu
585 2161 682 2197 Augia
702 2168 778 2188 saec.
793 2158 837 2188 15
870 2160 939 2188 Cod
952 2161 1114 2189 Lucerum.
1136 2159 1191 2189 106
1203 2159 1270 2197 (35).
1284 2163 1318 2190 Β
1331 2163 1488 2191 -Βὶιιιιι,

186 2207 240 2226 ms.
260 2198 550 2226 Hermetisvillanum
570 2206 645 2225 saec
668 2196 711 2226 15.
746 2199 815 2226 Cod.
837 2198 966 2226 Griesen.
987 2197 1033 2226 56.
1055 2199 1085 2226 C.
1106 2213 1143 2218 —
1163 2200 1272 2235 Hymn.
1293 2209 1345 2228 ms.
1365 2201 1488 2229 Herme-

187 2237 355 2265 tisvillanus
375 2237 446 2264 anni
467 2233 547 2263 1553.
585 2235 653 2263 Cod.
669 2237 798 2265 Griesen.
820 2234 865 2264 23.
885 2237 921 2265 D.
942 2252 980 2257 —
1004 2235 1028 2269 1,
1049 2236 1067 2264 2
1082 2236 1154 2265 Cum
1175 2239 1302 2274 erumpis
1322 2238 1356 2266 B.
1371 2255 1408 2259 —-
1422 2237 1486 2273 2,1

189 2277 233 2303 est
258 2276 340 2310 virgo
367 2274 437 2302 felix
456 2274 539 2310 virgo
559 2274 598 2308 Β,
630 2274 718 2302 (lara
736 2274 810 2302 fehlt
829 2274 952 2302 012—
979 2273 1013 2309 2,
1042 2274 1060 2302 2
1079 2275 1165 2303 flores
1186 2284 1239 2304 ara
1257 2277 1344 2305 BGD.
1366 2291 1404 2297 —·
1422 2275 1449 2312 2,
1469 2277 1489 2306 4

187 2314 274 2348 digne
300 2312 381 2340 clara
398 2311 512 2339 ABCD.
532 2326 571 2332 ω
591 2294 659 2346 3,1
680 2315 778 2341 castae
797 2314 902 2341 mentis
923 2314 958 2340 D.
979 2329 1017 2333 —
1037 2311 1070 2346 3,
1096 2311 1115 2341 3
1135 2314 1200 2342 orbi
1219 2314 1257 2348 Β,
1291 2315 1378 2343 sorbe
1398 2315 1429 2343 O.
1448 2331 1486 2336 —-—

187 2350 215 2426 ἢ,
233 2348 254 2417 Ξ
271 2349 430 2417 Ξεὲιᾘῦῡζῠς
455 2351 522 2416 gie).
513 2351 637 2387 insignis
656 2352 690 2379 Β.
710 2366 747 2372 -ω-
767 2349 792 2386 5,
815 2348 831 2378 1
853 2351 958 2379 Coetus
978 2360 1032 2379 nee
1052 2333 1083 2380 ὀ.
1105 2367 1143 2372 —
1164 2351 1190 2388 6,
1210 2351 1229 2381 3
1247 2334 1322 2382 {ucis
1343 2354 1430 2382 BCD.
1450 2368 1490 2374 —

313 2397 329 2416 e
368 2390 433 2417 eato
