1653 2637
686 146 947 180 —292—

162 241 193 272 3.
220 239 258 271 In
285 248 348 278 qua
374 239 543 279 perfruens
569 250 661 281 quam
686 250 782 281 saepe
848 240 880 274 5.
906 241 1115 280 Amissaeque
1141 240 1196 273 diu
1219 241 1316 273 limen

269 286 391 318 visione
417 288 547 328 coelica,
953 287 1110 319 reintrare
1134 287 1268 327 patriae,

217 332 378 364 Divinitus
406 333 634 367 devastandam
906 335 1005 373 Quam
1029 334 1097 366 lilio
1120 334 1269 374 virginali

264 379 303 411 ab
330 381 449 420 Ungris
475 382 690 424 Almanniam,
953 381 1132 414 intraverat
1155 381 1252 413 hodie

219 428 302 460 Suae
326 436 448 467 quoque
474 429 632 470 passionis
907 428 1070 462 Redimita
1094 429 1288 469 proprioque

262 477 490 515 praecognovit
514 476 660 516 gloriam.
953 478 1080 508 roseata
1102 476 1264 515 sanguine.

159 534 191 565 4.
217 532 323 571 Hujus
348 533 506 572 passionis
534 533 586 565 die
847 534 877 567 6.
904 532 995 572 Quod
1022 533 1155 572 dignare
1181 533 1271 565 nobis
1298 534 1433 574 simplex

267 580 464 619 gratulantes
490 590 595 612 annua
951 580 1080 612 trinitas
1101 580 1286 621 concedere,

217 627 416 659 Postulemus
442 628 606 660 unanimes
904 627 955 658 Ne
979 628 1128 667 pretium,
1155 628 1240 667 quod
1265 626 1427 669 profluxit,

261 674 347 705 illius
373 675 533 715 suffragia,
954 674 1090 714 Christe,
1116 678 1170 706 tuo
1195 675 1298 707 latere

215 722 398 753 Mereamur
424 723 580 755 consolari
902 722 1097 754 Annulletur
1118 723 1184 762 jam
1210 723 1386 762 redemptis

263 769 297 800 in
322 772 433 802 nostra
455 770 595 810 miseria,
953 770 995 802 ad
1021 778 1161 809 perenne
1185 770 1304 803 vivere.

235 854 342 889 Hymn.
372 863 425 881 ms.
447 854 649 890 Sangallensis
670 863 745 882 saec.
769 852 812 881 12.
854 854 923 882 Ood.
944 854 1112 891 Sangallen.
1135 853 1178 883 18.
1198 855 1233 882 A.
1255 871 1291 875 —-
1312 856 1398 883 Brev.
1420 865 1472 883 ms.

159 892 351 928 Sangallense
378 900 454 920 saec.
483 891 526 920 15.
571 892 639 920 Cod.
667 892 835 928 Sangallen.
861 890 925 920 408.
952 892 984 920 B.
1011 907 1048 911 —
1072 893 1177 920 Diurn.
1202 902 1255 920 ms.
1280 893 1473 929 Sangallense

161 938 236 957 sae0.
261 928 305 957 15.
346 930 416 958 eod.
444 930 612 967 Sangallen.
639 928 695 958 503
720 931 749 957 k.
772 931 803 957 C.
830 945 866 949 —
891 931 982 958 Psalt.
1004 939 1057 957 ms.
1079 930 1108 958 S.
1128 931 1283 959 Laurentii
1304 930 1472 968 Sangallen.

160 976 235 995 sace.
258 966 301 995 15.
336 968 405 995 Cod.
420 969 588 1005 Sangallen.
613 967 654 995 16.
670 969 705 996 D.
726 983 763 987 —
777 969 887 1003 IIymn.
909 977 960 995 ms.
977 968 1179 1004 Sangallensis
1200 978 1275 997 saec.
1296 967 1370 997 1⁵l10.
1403 970 1472 997 Cod.

159 1005 327 1042 Sangallen.
356 1004 421 1033 440.
448 1006 484 1034 Ε.
511 1022 547 1026 -
569 1005 600 1040 2,
628 1004 646 1034 3
672 1007 802 1042 quietam
828 1006 862 1033 A.
887 1020 926 1024 —
951 1004 983 1039 2,
1013 1005 1029 1034 6
1058 1007 1192 1034 clausula
1220 1007 1285 1035 hier
1311 1008 1405 1035 soviel
1429 1008 1473 1035 als

157 1044 278 1071 Klause.
306 1058 338 1062 —
364 1042 400 1076 3,
429 1043 443 1072 1
472 1052 559 1080 quam
581 1044 656 1072 fehlt
674 1045 710 1072 D.
730 1060 769 1063 —
789 1042 821 1078 3,
848 1042 868 1071 4
887 1044 1091 1072 Alemanniam
1112 1044 1198 1072 BCD.
1219 1060 1258 1063 —
1275 1044 1309 1080 4,
1336 1044 1354 1072 2
1373 1048 1470 1081 gratu-

157 1082 255 1109 lemur
274 1082 310 1109 D.
334 1096 371 1100 —
390 1080 417 1114 4,
439 1082 456 1110 5
476 1083 626 1110 Mereatur
644 1083 680 1110 D.
702 1098 741 1101 —
759 1080 786 1116 4,
809 1081 825 1110 6
849 1085 880 1109 ut
899 1084 1001 1109 nostra
1020 1083 1056 1110 D.

583 1203 652 1235 520.
682 1203 726 1234 De
746 1203 853 1234 sancto
875 1202 1047 1243 wigberto.

388 1281 418 1314 1.
445 1283 506 1322 En,
532 1283 595 1322 piis
620 1283 792 1321 splendent
815 1283 959 1314 revoluta
983 1283 1065 1314 votis

447 1332 562 1362 Annua
588 1330 678 1362 nobis
704 1330 887 1362 veneranda
913 1330 999 1361 cultu

447 1378 546 1410 Festa
570 1377 731 1417 Wigberti
754 1378 866 1417 populi
890 1376 1060 1417 frequenti,

497 1424 633 1461 Christe,
665 1424 781 1458 faveto.

390 1481 419 1512 2.
447 1480 510 1513 Hic
539 1481 627 1512 velut
652 1482 738 1513 clara
764 1481 899 1512 rutilans
923 1482 1054 1514 lucerna

448 1528 571 1560 Indolis
596 1528 719 1567 primae
745 1528 851 1560 radios
876 1529 1029 1560 micantes

451 1575 578 1614 Sparsit
601 1575 634 1606 in
659 1575 776 1607 mundo
802 1576 978 1615 gradiendo
1005 1577 1096 1608 callis

498 1623 612 1654 Ardua
638 1623 751 1655 dextri.

391 1679 421 1710 3.
447 1679 556 1718 thue
580 1679 626 1710 nil
649 1679 733 1711 sacri
757 1679 863 1710 meriti
890 1680 1016 1712 deesset

449 1726 599 1758 Subdidit
622 1735 763 1758 summae
787 1726 841 1766 pia
862 1727 997 1767 jussioni

450 1773 549 1813 Colla,
576 1783 636 1814 quo
664 1774 783 1806 Christi
809 1774 911 1806 crucis
939 1778 970 1806 et
994 1776 1139 1807 minister

498 1822 625 1861 Pauper
650 1822 786 1856 adesset.

394 1878 426 1909 4.
452 1879 530 1918 Ipsa
554 1887 645 1918 quem
671 1881 794 1910 tantum
820 1880 922 1911 deitas
947 1879 1065 1919 beavit,

454 1926 521 1964 Quo
546 1925 631 1957 foret
654 1927 760 1958 saeclo
785 1927 1080 1958 sibiocommoranti

450 1973 579 2010 Forma,
606 1973 648 2004 sit
672 1982 771 2013 aeque
796 1974 849 2006 via
873 1973 1037 2012 lapsitanti

499 2020 694 2052 Posteritati.

393 2077 425 2108 5.
452 2076 556 2115 Hujus
583 2076 761 2115 exemplum
784 2076 940 2115 glomeret
961 2076 992 2107 in
1018 2086 1114 2108 unum

451 2123 591 2154 Turbam
616 2123 701 2154 haud
727 2132 858 2162 parvam
885 2123 946 2154 sibi
969 2124 1173 2165 servientum,

453 2169 586 2209 Semper
610 2172 647 2200 ut
671 2169 790 2201 Christi
815 2175 940 2202 resonet
963 2169 1053 2203 fideli

498 2216 632 2248 Pectore
656 2216 777 2248 laudes.

395 2274 425 2308 6,
451 2275 550 2313 Quam
575 2273 661 2304 Deus
689 2273 809 2304 cunctis
834 2275 972 2307 redimat
996 2278 1165 2318 aerumnis,

454 2321 531 2353 Cum
556 2323 668 2359 potens
696 2320 838 2352 dextram
865 2323 1005 2362 quatitur
1030 2333 1203 2367 coruscam,

453 2368 566 2401 Ultimi
593 2368 712 2399 donans
738 2369 877 2408 requiem
902 2370 1021 2402 laboris

502 2415 612 2446 Visere
636 2422 715 2446 sese.
