1653 2637
730 166 776 171 -
826 147 894 184 245
945 168 989 175 --

652 239 720 271 433.
749 240 792 273 De
811 242 922 273 saneta
941 240 1069 273 Monica.

746 309 795 339 Ad
814 310 971 348 Vesperas.

445 377 476 409 1.
503 377 550 408 Te
576 376 683 409 ferant
705 378 833 418 linguae
858 379 1020 411 celebrent
1046 382 1077 410 et
1102 389 1220 420 omnes,

503 423 550 455 Te
578 425 672 456 simul
697 428 782 458 totus
807 426 988 458 moduletur
1013 427 1110 468 orbis,

502 470 645 504 Saeculis
672 473 793 505 cunctis
819 482 939 505 memor
964 474 1026 505 eris
1052 476 1169 514 ampla,

552 519 691 562 Monica,
716 520 821 553 laude.

447 586 478 617 2.
507 584 603 624 Cujus
630 585 747 617 effusae
772 587 924 619 lacrimae
948 597 1124 628 precesque

508 632 569 664 Cor
593 633 639 664 tui
666 633 778 666 durum
804 635 1004 675 rigidumque
1027 635 1095 667 nati

505 681 556 711 Ad
583 681 645 712 Dei
668 681 774 720 magni
796 691 942 714 meruere
965 691 1090 714 sacrum

554 727 693 759 Vertere
719 728 848 761 cultum.

447 794 479 825 3.
506 792 531 824 Ο
559 793 655 824 decus
681 802 836 825 summum
863 796 916 834 pia
940 803 1076 834 spesque
1101 799 1247 833 matrum,

508 840 603 873 Certa
628 844 773 872 natorum
799 842 861 881 via,
889 842 963 881 dux,
990 842 1124 882 asylum,

506 887 703 919 Daemonum
728 888 854 931 victrix,
879 890 1044 921 haeresum
1071 888 1220 932 fugatrix,

555 936 649 967 Alma
672 936 793 975 virago.

446 1004 478 1036 4.
506 1002 531 1035 O
556 1002 616 1034 tibi
642 1005 776 1042 quantas
801 1003 938 1043 populus
964 1001 1069 1034 fidelis

511 1048 640 1081 Gratias
667 1049 763 1081 debet
786 1050 918 1082 memori
943 1051 1001 1083 sub
1028 1058 1115 1090 aevo,

508 1097 606 1135 Quem
636 1097 698 1128 tuis
722 1098 851 1129 summis
873 1097 996 1128 meritis
1021 1097 1134 1138 beasti,

556 1143 702 1176 Candida
725 1149 837 1177 mater.

451 1212 482 1244 5.
510 1211 643 1249 Quando
668 1210 717 1242 bis
741 1212 859 1243 mundo
885 1219 1054 1251 generares
1079 1211 1179 1251 illum,

506 1259 605 1298 Quem
629 1266 739 1290 sacrae
762 1267 822 1299 per
841 1261 874 1290 te
899 1258 974 1290 fidei
999 1259 1165 1291 reductum

504 1306 619 1338 Denuo
646 1306 686 1337 de
710 1308 743 1336 te
768 1307 909 1347 genitum
933 1305 1079 1348 fatemur,

552 1353 776 1394 Augustinum,

450 1421 482 1452 6.
507 1419 568 1460 Qui
590 1421 639 1451 tot
662 1419 801 1451 invictus
830 1419 951 1451 domuit
976 1418 1122 1462 rebelles,

508 1467 570 1499 Tot
595 1465 681 1498 feros
707 1474 804 1498 verae
828 1467 958 1506 pietatis
982 1466 1100 1507 hostes,

504 1514 654 1546 Monstra
677 1516 735 1553 tot,
762 1517 884 1546 tantam
908 1513 1029 1545 rabiem
1055 1513 1211 1552 repressit

551 1561 712 1593 Maximus
738 1561 834 1594 ultor.

444 1631 474 1662 7.
499 1629 559 1669 Qui
583 1631 632 1661 tot
658 1637 801 1660 errorum
825 1629 957 1669 laqueos
982 1629 1133 1659 nocentes

500 1677 670 1716 Dissipans
694 1678 805 1708 tantae
828 1676 1041 1715 tenebrasque
1065 1676 1167 1707 noctis

502 1724 639 1756 Exstitit
662 1723 743 1755 nulli
766 1724 890 1755 meritis
914 1731 975 1755 nec
998 1723 1057 1754 ulli

550 1771 663 1803 Laude
687 1772 856 1803 secundus

446 1841 477 1873 8.
505 1839 565 1872 Cui
589 1838 679 1870 Deus
704 1840 828 1870 tantum
851 1838 913 1870 nisi
938 1837 1162 1878 praestitisset,

503 1887 607 1919 Tanta
631 1886 813 1926 scripsisset
837 1886 899 1917 nisi
923 1888 1030 1917 tantus
1055 1884 1121 1926 ille,

500 1935 582 1967 Tota
609 1934 758 1966 nimirum
783 1942 876 1966 sacra
898 1934 950 1965 lex
975 1932 1119 1972 fidesque

549 1982 669 2014 Nostra
692 1981 820 2014 ruisset.

442 2052 474 2084 9.
500 2050 586 2082 Laus
611 2049 681 2088 tibi,
708 2050 947 2088 summefapater
971 2050 1067 2087 atque
1090 2045 1148 2087 fili,

499 2098 623 2139 Quique
647 2096 797 2138 procedis
821 2096 915 2129 simul
941 2104 980 2127 ex
1007 2097 1150 2136 utroque,

500 2146 639 2186 Spiritus
663 2147 783 2185 sancte,
810 2144 898 2177 Deus
922 2152 1003 2175 unus
1027 2143 1124 2183 idem,

546 2193 632 2226 Laus
658 2192 718 2224 tibi
742 2201 877 2233 semper.

270 2261 382 2296 Hymn.
411 2270 465 2289 ms.
489 2261 520 2290 S.
547 2260 712 2289 Salvatoris
743 2259 779 2288 de
805 2258 891 2287 Silva
914 2258 997 2286 lacus
1027 2258 1098 2284 anni
1129 2254 1212 2284 1415.
1260 2254 1330 2283 Cod.
1351 2254 1517 2283 Londinen.

193 2299 260 2326 Add
293 2297 402 2327 30014.
423 2301 458 2328 A.
481 2317 517 2321 —
537 2301 622 2328 Brev.
644 2299 809 2327 Romanum
829 2299 898 2333 imp.
921 2297 1052 2323 Venetiis
1078 2293 1158 2323 1521.
1179 2295 1213 2322 Β.
1235 2309 1266 2314 --
1295 2294 1330 2321 In
1350 2296 1435 2321 tono:
1459 2294 1519 2330 „Ut

195 2341 307 2373 queant
326 2336 431 2366 laxis“.
453 2339 486 2367 B.
507 2353 544 2357 —
565 2339 641 2366 Dan.
661 2338 685 2365 1.
706 2334 763 2364 266
782 2337 864 2373 giebt
885 2335 933 2362 die
952 2335 1025 2361 zwei
1046 2335 1144 2362 ersten
1161 2333 1324 2369 Strophen;
1345 2332 1439 2360 Morel
1461 2330 1519 2360 514

195 2376 252 2403 den
271 2384 386 2411 ganzen
399 2377 544 2412 Hymnus.
578 2377 641 2404 Der
653 2375 809 2408 Umstantl,
831 2373 895 2401 dass
916 2374 942 2400 A
962 2372 1008 2399 fiir
1029 2373 1078 2399 ein
1091 2372 1225 2400 Produkt
1239 2371 1290 2399 des
1304 2371 1518 2398 Humanismus

195 2415 263 2442 eine
292 2422 324 2441 so
354 2414 531 2451 friihzeitige
559 2414 664 2448 Quelle
693 2414 748 2447 ist,
778 2410 942 2440 veranlasst
970 2410 1063 2444 mich⁷
1095 2410 1151 2438 den
1177 2410 1314 2445 Hymnus
1344 2409 1452 2437 dai-aus
1481 2418 1519 2435 zu

193 2452 402 2480 wiederholen.
