<?xml version="1.0" encoding="UTF-8"?>
<!DOCTYPE html PUBLIC "-//W3C//DTD XHTML 1.0 Transitional//EN"
    "http://www.w3.org/TR/xhtml1/DTD/xhtml1-transitional.dtd">
<html xmlns="http://www.w3.org/1999/xhtml" xml:lang="en" lang="en">
 <head>
  <title>
</title>
<meta http-equiv="Content-Type" content="text/html;charset=utf-8" />
  <meta name='ocr-system' content='tesseract 3.04.00' />
  <meta name='ocr-capabilities' content='ocr_page ocr_carea ocr_par ocr_line ocrx_word'/>
</head>
<body>
  <div class='ocr_page' id='page_1' title='image "./analectahymnica23drevuoft_00022.png"; bbox 0 0 1653 2637; ppageno 0'>
   <div class='ocr_carea' id='block_1_1' title="bbox 699 135 931 171">
    <p class='ocr_par' dir='ltr' id='par_1_1' title="bbox 699 135 931 171">
     <span class='ocr_line' id='line_1_1' title="bbox 699 135 931 171; baseline -0.004 -9"><span class='ocrx_word' id='word_1_1' title='bbox 699 135 931 171; x_wconf 70' lang='lat'>-19-</span> 
     </span>
    </p>
   </div>
   <div class='ocr_carea' id='block_1_2' title="bbox 165 228 1478 610">
    <p class='ocr_par' dir='ltr' id='par_1_2' title="bbox 165 228 1478 610">
     <span class='ocr_line' id='line_1_2' title="bbox 168 228 1478 269; baseline 0 -12"><span class='ocrx_word' id='word_1_2' title='bbox 168 228 206 257; x_wconf 83' lang='lat'>57</span> <span class='ocrx_word' id='word_1_3' title='bbox 225 231 428 267; x_wconf 60' lang='lat' dir='ltr'>mitgeteiltw,</span> <span class='ocrx_word' id='word_1_4' title='bbox 448 232 544 259; x_wconf 84' lang='lat' dir='ltr'>wobei</span> <span class='ocrx_word' id='word_1_5' title='bbox 560 233 659 268; x_wconf 73' lang='lat' dir='ltr'>einige</span> <span class='ocrx_word' id='word_1_6' title='bbox 674 232 921 269; x_wconf 59' lang='lat' dir='ltr'>Vertinderungen</span> <span class='ocrx_word' id='word_1_7' title='bbox 940 232 1118 260; x_wconf 84' lang='lat' dir='ltr'>narnentlich</span> <span class='ocrx_word' id='word_1_8' title='bbox 1138 234 1170 259; x_wconf 85' lang='lat' dir='ltr'>in</span> <span class='ocrx_word' id='word_1_9' title='bbox 1183 232 1240 260; x_wconf 80' lang='lat' dir='ltr'>Str.</span> <span class='ocrx_word' id='word_1_10' title='bbox 1262 229 1279 260; x_wconf 88' lang='lat'>3</span> <span class='ocrx_word' id='word_1_11' title='bbox 1299 230 1478 268; x_wconf 66' lang='lat' dir='ltr'>angelii-aoht</span> 
     </span>
     <span class='ocr_line' id='line_1_3' title="bbox 165 269 1475 306; baseline -0.001 -11"><span class='ocrx_word' id='word_1_12' title='bbox 165 269 237 296; x_wconf 73' lang='lat' dir='ltr'>sind.</span> <span class='ocrx_word' id='word_1_13' title='bbox 282 270 370 297; x_wconf 75' lang='lat' dir='ltr'>Diese</span> <span class='ocrx_word' id='word_1_14' title='bbox 391 269 448 297; x_wconf 81' lang='lat' dir='ltr'>Str.</span> <span class='ocrx_word' id='word_1_15' title='bbox 474 270 544 297; x_wconf 78' lang='lat' dir='ltr'>lieet</span> <span class='ocrx_word' id='word_1_16' title='bbox 571 270 621 297; x_wconf 81' lang='lat' dir='ltr'>der</span> <span class='ocrx_word' id='word_1_17' title='bbox 647 270 737 298; x_wconf 83' lang='lat' dir='ltr'>kurze</span> <span class='ocrx_word' id='word_1_18' title='bbox 757 271 891 306; x_wconf 79' lang='lat' dir='ltr'><strong>Hymnus</strong></span> <span class='ocrx_word' id='word_1_19' title='bbox 912 272 1013 298; x_wconf 75' lang='lat' dir='ltr'>immor</span> <span class='ocrx_word' id='word_1_20' title='bbox 1032 271 1089 297; x_wconf 86' lang='lat' dir='ltr'>wie</span> <span class='ocrx_word' id='word_1_21' title='bbox 1107 270 1293 304; x_wconf 66' lang='lat' dir='ltr'>vorstehend,</span> <span class='ocrx_word' id='word_1_22' title='bbox 1320 270 1370 298; x_wconf 89' lang='lat' dir='ltr'>der</span> <span class='ocrx_word' id='word_1_23' title='bbox 1389 270 1475 305; x_wconf 71' lang='lat' dir='ltr'>lang«-</span> 
     </span>
     <span class='ocr_line' id='line_1_4' title="bbox 165 308 1476 345; baseline 0.001 -12"><span class='ocrx_word' id='word_1_24' title='bbox 165 309 237 335; x_wconf 78' lang='lat' dir='ltr'>stets</span> <span class='ocrx_word' id='word_1_25' title='bbox 259 309 315 335; x_wconf 86' lang='lat' dir='ltr'>wie</span> <span class='ocrx_word' id='word_1_26' title='bbox 334 308 419 335; x_wconf 82' lang='lat' dir='ltr'>Anal.</span> <span class='ocrx_word' id='word_1_27' title='bbox 439 308 470 336; x_wconf 84' lang='lat'>11</span> <span class='ocrx_word' id='word_1_28' title='bbox 490 308 509 335; x_wconf 93' lang='lat' dir='ltr'>l.</span> <span class='ocrx_word' id='word_1_29' title='bbox 531 318 554 336; x_wconf 78' lang='lat'>¹:-</span> <span class='ocrx_word' id='word_1_30' title='bbox 595 309 660 344; x_wconf 69' lang='lat' dir='ltr'>Vgl.</span> <span class='ocrx_word' id='word_1_31' title='bbox 681 310 818 341; x_wconf 81' lang='lat' dir='ltr'>Werner,</span> <span class='ocrx_word' id='word_1_32' title='bbox 838 309 896 336; x_wconf 90' lang='lat' dir='ltr'>Die</span> <span class='ocrx_word' id='word_1_33' title='bbox 916 309 1040 336; x_wconf 70' lang='lat' dir='ltr'>iiltesten</span> <span class='ocrx_word' id='word_1_34' title='bbox 1059 308 1398 345; x_wconf 76' lang='lat' dir='ltr'>Hymnensammhmgen</span> <span class='ocrx_word' id='word_1_35' title='bbox 1418 316 1476 334; x_wconf 76' lang='lat' dir='ltr'>von</span> 
     </span>
     <span class='ocr_line' id='line_1_5' title="bbox 167 344 1477 384; baseline -0.001 -11"><span class='ocrx_word' id='word_1_36' title='bbox 167 344 301 373; x_wconf 79' lang='lat' dir='ltr'>Rheinau</span> <span class='ocrx_word' id='word_1_37' title='bbox 315 346 371 374; x_wconf 84' lang='lat' dir='ltr'>No.</span> <span class='ocrx_word' id='word_1_38' title='bbox 391 346 503 374; x_wconf 81' lang='lat' dir='ltr'>XXIII.</span> <span class='ocrx_word' id='word_1_39' title='bbox 527 362 558 366; x_wconf 92' lang='lat'><strong>—</strong></span> <span class='ocrx_word' id='word_1_40' title='bbox 572 346 633 374; x_wconf 71' lang='lat' dir='ltr'>Dor</span> <span class='ocrx_word' id='word_1_41' title='bbox 646 347 765 384; x_wconf 68' lang='lat' dir='ltr'>lliugere</span> <span class='ocrx_word' id='word_1_42' title='bbox 777 347 911 382; x_wconf 83' lang='lat' dir='ltr'><strong>Hymnus</strong></span> <span class='ocrx_word' id='word_1_43' title='bbox 925 346 1016 374; x_wconf 86' lang='lat' dir='ltr'>findet</span> <span class='ocrx_word' id='word_1_44' title='bbox 1028 346 1090 373; x_wconf 70' lang='lat' dir='ltr'>sich</span> <span class='ocrx_word' id='word_1_45' title='bbox 1103 355 1132 374; x_wconf 87' lang='lat' dir='ltr'>u.</span> <span class='ocrx_word' id='word_1_46' title='bbox 1147 355 1172 374; x_wconf 86' lang='lat' dir='ltr'>a.</span> <span class='ocrx_word' id='word_1_47' title='bbox 1187 347 1264 374; x_wconf 82' lang='lat' dir='ltr'>noch</span> <span class='ocrx_word' id='word_1_48' title='bbox 1277 348 1309 374; x_wconf 84' lang='lat' dir='ltr'>in</span> <span class='ocrx_word' id='word_1_49' title='bbox 1322 346 1477 382; x_wconf 75' lang='lat' dir='ltr'>folgenden</span> 
     </span>
     <span class='ocr_line' id='line_1_6' title="bbox 166 381 1475 420; baseline -0.001 -9"><span class='ocrx_word' id='word_1_50' title='bbox 166 383 306 417; x_wconf 81' lang='lat' dir='ltr'>Quellen:</span> <span class='ocrx_word' id='word_1_51' title='bbox 327 384 412 412; x_wconf 82' lang='lat' dir='ltr'>Brev.</span> <span class='ocrx_word' id='word_1_52' title='bbox 433 393 485 413; x_wconf 88' lang='lat' dir='ltr'>ms.</span> <span class='ocrx_word' id='word_1_53' title='bbox 508 385 536 410; x_wconf 65' lang='lat' dir='ltr'>S.</span> <span class='ocrx_word' id='word_1_54' title='bbox 558 385 687 420; x_wconf 74' lang='lat' dir='ltr'>Sophiae</span> <span class='ocrx_word' id='word_1_55' title='bbox 700 386 925 413; x_wconf 84' lang='lat' dir='ltr'>Beneventanae</span> <span class='ocrx_word' id='word_1_56' title='bbox 944 393 1020 412; x_wconf 75' lang='lat' dir='ltr'>suec.</span> <span class='ocrx_word' id='word_1_57' title='bbox 1042 382 1116 412; x_wconf 72' lang='lat' dir='ltr'>11l12.</span> <span class='ocrx_word' id='word_1_58' title='bbox 1153 385 1221 413; x_wconf 70' lang='lat' dir='ltr'>(Jod.</span> <span class='ocrx_word' id='word_1_59' title='bbox 1238 385 1369 412; x_wconf 79' lang='lat' dir='ltr'>Vatican.</span> <span class='ocrx_word' id='word_1_60' title='bbox 1391 381 1475 411; x_wconf 57' lang='lat'>4925.</span> 
     </span>
     <span class='ocr_line' id='line_1_7' title="bbox 166 420 1475 458; baseline -0.001 -9"><span class='ocrx_word' id='word_1_61' title='bbox 166 422 274 455; x_wconf 82' lang='lat' dir='ltr'>Hymn.</span> <span class='ocrx_word' id='word_1_62' title='bbox 302 431 355 450; x_wconf 91' lang='lat' dir='ltr'>ms.</span> <span class='ocrx_word' id='word_1_63' title='bbox 385 430 460 450; x_wconf 83' lang='lat' dir='ltr'>saec.</span> <span class='ocrx_word' id='word_1_64' title='bbox 483 420 527 450; x_wconf 89' lang='lat'>10.</span> <span class='ocrx_word' id='word_1_65' title='bbox 568 423 638 450; x_wconf 71' lang='lat' dir='ltr'>cod.</span> <span class='ocrx_word' id='word_1_66' title='bbox 661 423 794 451; x_wconf 63' lang='lat' dir='ltr'>Casinen.</span> <span class='ocrx_word' id='word_1_67' title='bbox 817 421 880 450; x_wconf 84' lang='lat'>506.</span> <span class='ocrx_word' id='word_1_68' title='bbox 920 424 1027 457; x_wconf 84' lang='lat' dir='ltr'>Hymn.</span> <span class='ocrx_word' id='word_1_69' title='bbox 1048 431 1101 449; x_wconf 85' lang='lat' dir='ltr'>ms.</span> <span class='ocrx_word' id='word_1_70' title='bbox 1122 423 1152 451; x_wconf 75' lang='lat' dir='ltr'>S.</span> <span class='ocrx_word' id='word_1_71' title='bbox 1174 423 1307 450; x_wconf 76' lang='lat' dir='ltr'>Severini</span> <span class='ocrx_word' id='word_1_72' title='bbox 1328 422 1475 458; x_wconf 79' lang='lat' dir='ltr'>Neapolit.</span> 
     </span>
     <span class='ocr_line' id='line_1_8' title="bbox 166 457 1472 496; baseline 0.001 -11"><span class='ocrx_word' id='word_1_73' title='bbox 166 467 241 488; x_wconf 72' lang='lat' dir='ltr'>saec.</span> <span class='ocrx_word' id='word_1_74' title='bbox 268 457 346 495; x_wconf 83' lang='lat' dir='ltr'>1⁰l11.</span> <span class='ocrx_word' id='word_1_75' title='bbox 388 459 457 488; x_wconf 86' lang='lat' dir='ltr'>Cod.</span> <span class='ocrx_word' id='word_1_76' title='bbox 484 461 619 488; x_wconf 80' lang='lat' dir='ltr'>Vatican.</span> <span class='ocrx_word' id='word_1_77' title='bbox 647 459 729 488; x_wconf 79' lang='lat'>7172.</span> <span class='ocrx_word' id='word_1_78' title='bbox 770 462 876 496; x_wconf 81' lang='lat' dir='ltr'>llymn.</span> <span class='ocrx_word' id='word_1_79' title='bbox 904 470 956 488; x_wconf 83' lang='lat' dir='ltr'>ms.</span> <span class='ocrx_word' id='word_1_80' title='bbox 978 460 1007 488; x_wconf 77' lang='lat' dir='ltr'>S.</span> <span class='ocrx_word' id='word_1_81' title='bbox 1029 460 1162 488; x_wconf 81' lang='lat' dir='ltr'>Severini</span> <span class='ocrx_word' id='word_1_82' title='bbox 1186 469 1262 488; x_wconf 83' lang='lat' dir='ltr'>saec.</span> <span class='ocrx_word' id='word_1_83' title='bbox 1289 457 1362 488; x_wconf 79' lang='lat' dir='ltr'>²⁰l11.</span> <span class='ocrx_word' id='word_1_84' title='bbox 1404 459 1472 487; x_wconf 81' lang='lat' dir='ltr'>Cod.</span> 
     </span>
     <span class='ocr_line' id='line_1_9' title="bbox 167 496 1475 534; baseline 0 -9"><span class='ocrx_word' id='word_1_85' title='bbox 167 497 284 526; x_wconf 76' lang='lat' dir='ltr'>Par-isin</span> <span class='ocrx_word' id='word_1_86' title='bbox 305 496 389 526; x_wconf 81' lang='lat'>1092.</span> <span class='ocrx_word' id='word_1_87' title='bbox 428 499 519 526; x_wconf 85' lang='lat' dir='ltr'>Psalt.</span> <span class='ocrx_word' id='word_1_88' title='bbox 541 507 593 526; x_wconf 83' lang='lat' dir='ltr'>ms.</span> <span class='ocrx_word' id='word_1_89' title='bbox 614 507 689 527; x_wconf 81' lang='lat' dir='ltr'>saec.</span> <span class='ocrx_word' id='word_1_90' title='bbox 712 497 757 526; x_wconf 82' lang='lat'>12.</span> <span class='ocrx_word' id='word_1_91' title='bbox 800 499 869 527; x_wconf 77' lang='lat' dir='ltr'>Uod.</span> <span class='ocrx_word' id='word_1_92' title='bbox 889 499 1075 534; x_wconf 84' lang='lat' dir='ltr'>Neapolitan.</span> <span class='ocrx_word' id='word_1_93' title='bbox 1095 498 1138 527; x_wconf 87' lang='lat' dir='ltr'>VI</span> <span class='ocrx_word' id='word_1_94' title='bbox 1158 500 1182 527; x_wconf 79' lang='lat' dir='ltr'>F</span> <span class='ocrx_word' id='word_1_95' title='bbox 1201 497 1227 525; x_wconf 82' lang='lat'>2.</span> <span class='ocrx_word' id='word_1_96' title='bbox 1267 499 1350 526; x_wconf 87' lang='lat' dir='ltr'>Brev.</span> <span class='ocrx_word' id='word_1_97' title='bbox 1371 506 1424 525; x_wconf 89' lang='lat' dir='ltr'>ms.</span> <span class='ocrx_word' id='word_1_98' title='bbox 1446 498 1475 525; x_wconf 68' lang='lat' dir='ltr'>S.</span> 
     </span>
     <span class='ocr_line' id='line_1_10' title="bbox 168 534 1475 566; baseline -0.003 -2"><span class='ocrx_word' id='word_1_99' title='bbox 168 538 270 564; x_wconf 50' lang='lat' dir='ltr'>savini</span> <span class='ocrx_word' id='word_1_100' title='bbox 292 538 323 564; x_wconf 85' lang='lat' dir='ltr'>in</span> <span class='ocrx_word' id='word_1_101' title='bbox 342 537 502 564; x_wconf 83' lang='lat' dir='ltr'>Levitania</span> <span class='ocrx_word' id='word_1_102' title='bbox 522 545 597 564; x_wconf 82' lang='lat' dir='ltr'>saec.</span> <span class='ocrx_word' id='word_1_103' title='bbox 620 535 664 564; x_wconf 86' lang='lat'>14.</span> <span class='ocrx_word' id='word_1_104' title='bbox 704 537 773 566; x_wconf 71' lang='lat' dir='ltr'>God.</span> <span class='ocrx_word' id='word_1_105' title='bbox 793 537 930 565; x_wconf 86' lang='lat' dir='ltr'>Tolosan.</span> <span class='ocrx_word' id='word_1_106' title='bbox 951 535 996 564; x_wconf 85' lang='lat'>70.</span> <span class='ocrx_word' id='word_1_107' title='bbox 1026 537 1111 564; x_wconf 82' lang='lat' dir='ltr'>Brev.</span> <span class='ocrx_word' id='word_1_108' title='bbox 1132 546 1184 565; x_wconf 84' lang='lat' dir='ltr'>ms.</span> <span class='ocrx_word' id='word_1_109' title='bbox 1204 537 1314 564; x_wconf 84' lang='lat' dir='ltr'>Diense</span> <span class='ocrx_word' id='word_1_110' title='bbox 1334 544 1409 563; x_wconf 82' lang='lat' dir='ltr'>saec.</span> <span class='ocrx_word' id='word_1_111' title='bbox 1433 534 1475 562; x_wconf 75' lang='lat'>15.</span> 
     </span>
     <span class='ocr_line' id='line_1_11' title="bbox 168 572 1290 610; baseline -0.001 -9"><span class='ocrx_word' id='word_1_112' title='bbox 168 574 237 602; x_wconf 76' lang='lat' dir='ltr'>Coti.</span> <span class='ocrx_word' id='word_1_113' title='bbox 261 574 526 610; x_wconf 74' lang='lat' dir='ltr'>Gratianopolitan.</span> <span class='ocrx_word' id='word_1_114' title='bbox 546 572 607 603; x_wconf 77' lang='lat'>134.</span> <span class='ocrx_word' id='word_1_115' title='bbox 635 575 719 603; x_wconf 81' lang='lat' dir='ltr'>Brev.</span> <span class='ocrx_word' id='word_1_116' title='bbox 740 575 942 610; x_wconf 72' lang='lat' dir='ltr'>Foroiuliense</span> <span class='ocrx_word' id='word_1_117' title='bbox 960 577 1030 610; x_wconf 87' lang='lat' dir='ltr'><strong>imp.</strong></span> <span class='ocrx_word' id='word_1_118' title='bbox 1049 575 1187 603; x_wconf 85' lang='lat' dir='ltr'><strong>Taurinis</strong></span> <span class='ocrx_word' id='word_1_119' title='bbox 1210 573 1290 602; x_wconf 80' lang='lat'>1495.</span> 
     </span>
    </p>
   </div>
   <div class='ocr_carea' id='block_1_3' title="bbox 576 721 1072 763">
    <p class='ocr_par' dir='ltr' id='par_1_3' title="bbox 576 721 1072 763">
     <span class='ocr_line' id='line_1_12' title="bbox 576 721 1072 763; baseline -0.002 -10"><span class='ocrx_word' id='word_1_120' title='bbox 576 722 615 754; x_wconf 85' lang='lat'>17.</span> <span class='ocrx_word' id='word_1_121' title='bbox 650 723 685 755; x_wconf 89' lang='lat' dir='ltr'>In</span> <span class='ocrx_word' id='word_1_122' title='bbox 705 721 993 763; x_wconf 76' lang='lat' dir='ltr'>Transfiguratione</span> <span class='ocrx_word' id='word_1_123' title='bbox 1013 721 1072 754; x_wconf 79' lang='lat' dir='ltr'>DN.</span> 
     </span>
    </p>
   </div>
   <div class='ocr_carea' id='block_1_4' title="bbox 167 794 560 880">
    <p class='ocr_par' dir='ltr' id='par_1_4' title="bbox 167 794 560 880">
     <span class='ocr_line' id='line_1_13' title="bbox 167 794 535 826; baseline -0.005 0"><span class='ocrx_word' id='word_1_124' title='bbox 167 794 197 826; x_wconf 86' lang='lat'>1.</span> <span class='ocrx_word' id='word_1_125' title='bbox 225 794 401 826; x_wconf 83' lang='lat' dir='ltr'>Salvatoris</span> <span class='ocrx_word' id='word_1_126' title='bbox 428 794 535 825; x_wconf 79' lang='lat' dir='ltr'>eximii</span> 
     </span>
     <span class='ocr_line' id='line_1_14' title="bbox 225 839 560 880; baseline 0 -8"><span class='ocrx_word' id='word_1_127' title='bbox 225 841 275 873; x_wconf 90' lang='lat' dir='ltr'>De</span> <span class='ocrx_word' id='word_1_128' title='bbox 300 840 391 872; x_wconf 87' lang='lat' dir='ltr'>festis</span> <span class='ocrx_word' id='word_1_129' title='bbox 417 841 465 872; x_wconf 89' lang='lat' dir='ltr'>sui</span> <span class='ocrx_word' id='word_1_130' title='bbox 491 839 560 880; x_wconf 89' lang='lat' dir='ltr'>filii,</span> 
     </span>
    </p>
   </div>
   <div class='ocr_carea' id='block_1_5' title="bbox 853 793 1303 882">
    <p class='ocr_par' dir='ltr' id='par_1_5' title="bbox 853 793 1303 882">
     <span class='ocr_line' id='line_1_15' title="bbox 853 793 1288 832; baseline -0.005 -5"><span class='ocrx_word' id='word_1_131' title='bbox 853 795 883 827; x_wconf 82' lang='lat'>3.</span> <span class='ocrx_word' id='word_1_132' title='bbox 910 794 949 825; x_wconf 78' lang='lat'>111</span> <span class='ocrx_word' id='word_1_133' title='bbox 973 793 1142 832; x_wconf 83' lang='lat' dir='ltr'>majestate</span> <span class='ocrx_word' id='word_1_134' title='bbox 1165 794 1288 832; x_wconf 79' lang='lat' dir='ltr'>claruit,</span> 
     </span>
     <span class='ocr_line' id='line_1_16' title="bbox 911 841 1303 882; baseline -0.003 -9"><span class='ocrx_word' id='word_1_135' title='bbox 911 841 950 873; x_wconf 90' lang='lat' dir='ltr'>In</span> <span class='ocrx_word' id='word_1_136' title='bbox 975 841 1119 872; x_wconf 85' lang='lat' dir='ltr'>trinitate</span> <span class='ocrx_word' id='word_1_137' title='bbox 1144 842 1303 882; x_wconf 82' lang='lat' dir='ltr'>apparuit,</span> 
     </span>
    </p>
   </div>
   <div class='ocr_carea' id='block_1_6' title="bbox 226 888 679 976">
    <p class='ocr_par' dir='ltr' id='par_1_6' title="bbox 226 888 679 976">
     <span class='ocr_line' id='line_1_17' title="bbox 229 888 657 928; baseline -0.005 -7"><span class='ocrx_word' id='word_1_138' title='bbox 229 889 288 927; x_wconf 76' lang='lat' dir='ltr'>Qui</span> <span class='ocrx_word' id='word_1_139' title='bbox 313 889 489 921; x_wconf 78' lang='lat' dir='ltr'>trinitatem</span> <span class='ocrx_word' id='word_1_140' title='bbox 517 888 657 928; x_wconf 85' lang='lat' dir='ltr'>colimus,</span> 
     </span>
     <span class='ocr_line' id='line_1_18' title="bbox 226 936 679 976; baseline -0.002 -7"><span class='ocrx_word' id='word_1_141' title='bbox 226 936 385 969; x_wconf 83' lang='lat' dir='ltr'>Fideliter</span> <span class='ocrx_word' id='word_1_142' title='bbox 411 945 504 976; x_wconf 79' lang='lat' dir='ltr'>quam</span> <span class='ocrx_word' id='word_1_143' title='bbox 525 936 679 968; x_wconf 87' lang='lat' dir='ltr'>novimus.</span> 
     </span>
    </p>
   </div>
   <div class='ocr_carea' id='block_1_7' title="bbox 166 993 709 1175">
    <p class='ocr_par' dir='ltr' id='par_1_7' title="bbox 166 993 709 1175">
     <span class='ocr_line' id='line_1_19' title="bbox 166 993 627 1026; baseline -0.002 -2"><span class='ocrx_word' id='word_1_144' title='bbox 166 994 197 1024; x_wconf 83' lang='lat'>2.</span> <span class='ocrx_word' id='word_1_145' title='bbox 224 994 321 1026; x_wconf 78' lang='lat' dir='ltr'>Pater</span> <span class='ocrx_word' id='word_1_146' title='bbox 345 993 472 1024; x_wconf 74' lang='lat' dir='ltr'>vocavit</span> <span class='ocrx_word' id='word_1_147' title='bbox 497 993 627 1024; x_wconf 88' lang='lat' dir='ltr'>coelitus</span> 
     </span>
     <span class='ocr_line' id='line_1_20' title="bbox 227 1039 637 1080; baseline -0.005 -7"><span class='ocrx_word' id='word_1_148' title='bbox 227 1041 324 1073; x_wconf 86' lang='lat' dir='ltr'>Suum</span> <span class='ocrx_word' id='word_1_149' title='bbox 351 1041 502 1072; x_wconf 86' lang='lat' dir='ltr'>dilectum</span> <span class='ocrx_word' id='word_1_150' title='bbox 526 1039 637 1080; x_wconf 84' lang='lat' dir='ltr'>filium,</span> 
     </span>
     <span class='ocr_line' id='line_1_21' title="bbox 228 1087 709 1127; baseline -0.002 -8"><span class='ocrx_word' id='word_1_151' title='bbox 228 1088 326 1127; x_wconf 76' lang='lat' dir='ltr'>Quem</span> <span class='ocrx_word' id='word_1_152' title='bbox 351 1087 553 1119; x_wconf 84' lang='lat' dir='ltr'>obumbravit</span> <span class='ocrx_word' id='word_1_153' title='bbox 577 1087 709 1120; x_wconf 88' lang='lat' dir='ltr'>coelitus</span> 
     </span>
     <span class='ocr_line' id='line_1_22' title="bbox 223 1134 693 1175; baseline -0.002 -8"><span class='ocrx_word' id='word_1_154' title='bbox 223 1135 334 1167; x_wconf 78' lang='lat' dir='ltr'>Sancti</span> <span class='ocrx_word' id='word_1_155' title='bbox 356 1135 509 1175; x_wconf 82' lang='lat' dir='ltr'>splendor</span> <span class='ocrx_word' id='word_1_156' title='bbox 533 1134 693 1169; x_wconf 80' lang='lat' dir='ltr'>divinitus.</span> 
     </span>
    </p>
   </div>
   <div class='ocr_carea' id='block_1_8' title="bbox 912 888 1389 968">
    <p class='ocr_par' dir='ltr' id='par_1_8' title="bbox 912 888 1389 968">
     <span class='ocr_line' id='line_1_23' title="bbox 913 888 1380 921; baseline -0.006 0"><span class='ocrx_word' id='word_1_157' title='bbox 913 889 989 921; x_wconf 89' lang='lat' dir='ltr'>Cum</span> <span class='ocrx_word' id='word_1_158' title='bbox 1013 888 1098 919; x_wconf 84' lang='lat' dir='ltr'>inter</span> <span class='ocrx_word' id='word_1_159' title='bbox 1124 889 1202 921; x_wconf 83' lang='lat' dir='ltr'>duos</span> <span class='ocrx_word' id='word_1_160' title='bbox 1227 888 1380 921; x_wconf 87' lang='lat' dir='ltr'>Dominus</span> 
     </span>
     <span class='ocr_line' id='line_1_24' title="bbox 912 935 1389 968; baseline -0.002 -1"><span class='ocrx_word' id='word_1_161' title='bbox 912 937 1008 967; x_wconf 82' lang='lat' dir='ltr'>Vates</span> <span class='ocrx_word' id='word_1_162' title='bbox 1032 935 1067 966; x_wconf 87' lang='lat' dir='ltr'>in</span> <span class='ocrx_word' id='word_1_163' title='bbox 1091 939 1197 968; x_wconf 84' lang='lat' dir='ltr'>monte</span> <span class='ocrx_word' id='word_1_164' title='bbox 1222 936 1306 967; x_wconf 84' lang='lat' dir='ltr'>visus</span> <span class='ocrx_word' id='word_1_165' title='bbox 1333 938 1389 966; x_wconf 89' lang='lat' dir='ltr'>est.</span> 
     </span>
    </p>
   </div>
   <div class='ocr_carea' id='block_1_9' title="bbox 879 992 1336 1032">
    <p class='ocr_par' dir='ltr' id='par_1_9' title="bbox 879 992 1336 1032">
     <span class='ocr_line' id='line_1_25' title="bbox 879 992 1336 1032; baseline -0.002 -8"><span class='ocrx_word' id='word_1_166' title='bbox 879 1017 886 1024; x_wconf 93' lang='lat'>.</span> <span class='ocrx_word' id='word_1_167' title='bbox 913 992 992 1024; x_wconf 85' lang='lat' dir='ltr'>Tres</span> <span class='ocrx_word' id='word_1_168' title='bbox 1018 992 1153 1024; x_wconf 77' lang='lat' dir='ltr'>aderant</span> <span class='ocrx_word' id='word_1_169' title='bbox 1178 992 1336 1032; x_wconf 82' lang='lat' dir='ltr'>discipuli.</span> 
     </span>
    </p>
   </div>
   <div class='ocr_carea' id='block_1_10' title="bbox 908 1039 1320 1175">
    <p class='ocr_par' dir='ltr' id='par_1_10' title="bbox 908 1039 1320 1175">
     <span class='ocr_line' id='line_1_26' title="bbox 912 1039 1320 1079; baseline -0.005 -6"><span class='ocrx_word' id='word_1_170' title='bbox 912 1040 984 1073; x_wconf 80' lang='lat' dir='ltr'>Jam</span> <span class='ocrx_word' id='word_1_171' title='bbox 1010 1042 1106 1070; x_wconf 86' lang='lat' dir='ltr'>testes</span> <span class='ocrx_word' id='word_1_172' title='bbox 1131 1039 1320 1079; x_wconf 84' lang='lat' dir='ltr'>fidelissimi,</span> 
     </span>
     <span class='ocr_line' id='line_1_27' title="bbox 912 1086 1236 1119; baseline 0.003 -1"><span class='ocrx_word' id='word_1_173' title='bbox 912 1086 1078 1118; x_wconf 77' lang='lat' dir='ltr'>Trinitatis</span> <span class='ocrx_word' id='word_1_174' title='bbox 1106 1086 1236 1119; x_wconf 79' lang='lat' dir='ltr'>deificae</span> 
     </span>
     <span class='ocr_line' id='line_1_28' title="bbox 908 1133 1264 1175; baseline 0.003 -10"><span class='ocrx_word' id='word_1_175' title='bbox 908 1134 1046 1166; x_wconf 86' lang='lat' dir='ltr'>Visionis</span> <span class='ocrx_word' id='word_1_176' title='bbox 1070 1133 1264 1175; x_wconf 77' lang='lat' dir='ltr'>magnificae.</span> 
     </span>
    </p>
   </div>
   <div class='ocr_carea' id='block_1_11' title="bbox 564 1209 1042 1392">
    <p class='ocr_par' dir='ltr' id='par_1_11' title="bbox 564 1209 1042 1392">
     <span class='ocr_line' id='line_1_29' title="bbox 564 1209 1029 1250; baseline -0.004 -8"><span class='ocrx_word' id='word_1_177' title='bbox 564 1211 595 1242; x_wconf 87' lang='lat'>5.</span> <span class='ocrx_word' id='word_1_178' title='bbox 618 1209 744 1242; x_wconf 87' lang='lat' dir='ltr'>Summo</span> <span class='ocrx_word' id='word_1_179' title='bbox 769 1210 855 1250; x_wconf 81' lang='lat' dir='ltr'>patri</span> <span class='ocrx_word' id='word_1_180' title='bbox 879 1210 1029 1250; x_wconf 84' lang='lat' dir='ltr'>ingenito,</span> 
     </span>
     <span class='ocr_line' id='line_1_30' title="bbox 622 1255 950 1298; baseline -0.003 -9"><span class='ocrx_word' id='word_1_181' title='bbox 622 1256 861 1298; x_wconf 80' lang='lat' dir='ltr'>Transfigurato</span> <span class='ocrx_word' id='word_1_182' title='bbox 885 1255 950 1289; x_wconf 91' lang='lat' dir='ltr'>filio</span> 
     </span>
     <span class='ocr_line' id='line_1_31' title="bbox 621 1304 1017 1345; baseline -0.003 -9"><span class='ocrx_word' id='word_1_183' title='bbox 621 1304 698 1336; x_wconf 87' lang='lat' dir='ltr'>Cum</span> <span class='ocrx_word' id='word_1_184' title='bbox 722 1305 837 1345; x_wconf 85' lang='lat' dir='ltr'>spiritu</span> <span class='ocrx_word' id='word_1_185' title='bbox 862 1304 1017 1344; x_wconf 76' lang='lat' dir='ltr'>paraclito</span> 
     </span>
     <span class='ocr_line' id='line_1_32' title="bbox 622 1351 1042 1392; baseline 0.002 -9"><span class='ocrx_word' id='word_1_186' title='bbox 622 1351 732 1385; x_wconf 82' lang='lat' dir='ltr'>Gloria</span> <span class='ocrx_word' id='word_1_187' title='bbox 757 1353 800 1384; x_wconf 84' lang='lat' dir='ltr'>sit</span> <span class='ocrx_word' id='word_1_188' title='bbox 822 1361 882 1392; x_wconf 83' lang='lat' dir='ltr'>per</span> <span class='ocrx_word' id='word_1_189' title='bbox 906 1352 1042 1384; x_wconf 79' lang='lat' dir='ltr'>saecula.</span> 
     </span>
    </p>
   </div>
   <div class='ocr_carea' id='block_1_12' title="bbox 238 1433 1424 1465">
    <p class='ocr_par' dir='ltr' id='par_1_12' title="bbox 238 1433 1424 1465">
     <span class='ocr_line' id='line_1_33' title="bbox 238 1433 1424 1465; baseline -0.003 0"><span class='ocrx_word' id='word_1_190' title='bbox 238 1438 324 1465; x_wconf 81' lang='lat' dir='ltr'>Brev-</span> <span class='ocrx_word' id='word_1_191' title='bbox 345 1446 398 1465; x_wconf 89' lang='lat' dir='ltr'>ms.</span> <span class='ocrx_word' id='word_1_192' title='bbox 420 1438 449 1465; x_wconf 67' lang='grc' dir='ltr'>ὃ.</span> <span class='ocrx_word' id='word_1_193' title='bbox 470 1437 624 1465; x_wconf 81' lang='lat' dir='ltr'>Laurentii</span> <span class='ocrx_word' id='word_1_194' title='bbox 644 1436 792 1465; x_wconf 83' lang='lat' dir='ltr'>Ulciensis</span> <span class='ocrx_word' id='word_1_195' title='bbox 812 1444 888 1464; x_wconf 75' lang='lat' dir='ltr'>saec.</span> <span class='ocrx_word' id='word_1_196' title='bbox 911 1434 954 1464; x_wconf 82' lang='lat'>15.</span> <span class='ocrx_word' id='word_1_197' title='bbox 996 1435 1065 1463; x_wconf 76' lang='lat' dir='ltr'>Cod.</span> <span class='ocrx_word' id='word_1_198' title='bbox 1085 1435 1241 1463; x_wconf 72' lang='lat' dir='ltr'>Taurinou.</span> <span class='ocrx_word' id='word_1_199' title='bbox 1261 1435 1356 1463; x_wconf 81' lang='lat' dir='ltr'>Palat.</span> <span class='ocrx_word' id='word_1_200' title='bbox 1381 1433 1424 1462; x_wconf 84' lang='grc'>11.</span> 
     </span>
    </p>
   </div>
   <div class='ocr_carea' id='block_1_13' title="bbox 568 1585 1059 1625">
    <p class='ocr_par' dir='ltr' id='par_1_13' title="bbox 568 1585 1059 1625">
     <span class='ocr_line' id='line_1_34' title="bbox 568 1585 1059 1625; baseline -0.004 -8"><span class='ocrx_word' id='word_1_201' title='bbox 568 1585 610 1617; x_wconf 86' lang='grc'>18.</span> <span class='ocrx_word' id='word_1_202' title='bbox 641 1585 675 1617; x_wconf 79' lang='lat' dir='ltr'>ln</span> <span class='ocrx_word' id='word_1_203' title='bbox 697 1585 1059 1625; x_wconf 69' lang='lat' dir='ltr'>TransfigurationeflDN.</span> 
     </span>
    </p>
   </div>
   <div class='ocr_carea' id='block_1_14' title="bbox 685 1663 946 1693">
    <p class='ocr_par' dir='ltr' id='par_1_14' title="bbox 685 1663 946 1693">
     <span class='ocr_line' id='line_1_35' title="bbox 685 1663 946 1693; baseline -0.008 0"><span class='ocrx_word' id='word_1_204' title='bbox 685 1664 734 1693; x_wconf 83' lang='lat' dir='ltr'>Ad</span> <span class='ocrx_word' id='word_1_205' title='bbox 754 1663 800 1693; x_wconf 85' lang='lat' dir='ltr'>No</span> <span class='ocrx_word' id='word_1_206' title='bbox 805 1667 946 1693; x_wconf 77' lang='lat' dir='ltr'>cturnum.</span> 
     </span>
    </p>
   </div>
   <div class='ocr_carea' id='block_1_15' title="bbox 163 1733 1318 1916">
    <p class='ocr_par' dir='ltr' id='par_1_15' title="bbox 163 1733 1318 1916">
     <span class='ocr_line' id='line_1_36' title="bbox 163 1733 654 1766; baseline -0.004 0"><span class='ocrx_word' id='word_1_207' title='bbox 163 1733 192 1766; x_wconf 88' lang='lat'>1.</span> <span class='ocrx_word' id='word_1_208' title='bbox 219 1734 310 1766; x_wconf 75' lang='lat' dir='ltr'>Haec</span> <span class='ocrx_word' id='word_1_209' title='bbox 335 1733 452 1765; x_wconf 81' lang='lat' dir='ltr'>festiva</span> <span class='ocrx_word' id='word_1_210' title='bbox 471 1733 654 1765; x_wconf 80' lang='lat' dir='ltr'>solemnitas</span> 
     </span>
     <span class='ocr_line' id='line_1_37' title="bbox 216 1779 1311 1820; baseline -0.004 -6"><span class='ocrx_word' id='word_1_211' title='bbox 216 1781 318 1814; x_wconf 85' lang='lat' dir='ltr'>Nobis</span> <span class='ocrx_word' id='word_1_212' title='bbox 343 1782 480 1813; x_wconf 77' lang='lat' dir='ltr'>recurrit</span> <span class='ocrx_word' id='word_1_213' title='bbox 504 1790 617 1819; x_wconf 80' lang='lat' dir='ltr'>annua,</span> <span class='ocrx_word' id='word_1_214' title='bbox 903 1780 962 1819; x_wconf 78' lang='lat' dir='ltr'>Qui</span> <span class='ocrx_word' id='word_1_215' title='bbox 986 1780 1078 1819; x_wconf 86' lang='lat' dir='ltr'>hujus</span> <span class='ocrx_word' id='word_1_216' title='bbox 1102 1782 1166 1811; x_wconf 83' lang='lat' dir='ltr'>tam</span> <span class='ocrx_word' id='word_1_217' title='bbox 1193 1779 1311 1820; x_wconf 82' lang='lat' dir='ltr'>egregii</span> 
     </span>
     <span class='ocr_line' id='line_1_38' title="bbox 221 1827 1318 1869; baseline -0.004 -8"><span class='ocrx_word' id='word_1_218' title='bbox 221 1830 289 1869; x_wconf 77' lang='lat' dir='ltr'>Qua</span> <span class='ocrx_word' id='word_1_219' title='bbox 313 1829 420 1869; x_wconf 86' lang='lat' dir='ltr'>proles</span> <span class='ocrx_word' id='word_1_220' title='bbox 445 1828 506 1861; x_wconf 91' lang='lat' dir='ltr'>Dei</span> <span class='ocrx_word' id='word_1_221' title='bbox 531 1829 626 1859; x_wconf 82' lang='lat' dir='ltr'>unica</span> <span class='ocrx_word' id='word_1_222' title='bbox 903 1828 1031 1861; x_wconf 79' lang='lat' dir='ltr'>Clarum</span> <span class='ocrx_word' id='word_1_223' title='bbox 1058 1827 1153 1859; x_wconf 81' lang='lat' dir='ltr'>slecus</span> <span class='ocrx_word' id='word_1_224' title='bbox 1179 1827 1318 1867; x_wconf 85' lang='lat' dir='ltr'>prodigii</span> 
     </span>
     <span class='ocr_line' id='line_1_39' title="bbox 218 1875 1282 1916; baseline -0.004 -6"><span class='ocrx_word' id='word_1_225' title='bbox 218 1878 358 1910; x_wconf 79' lang='lat' dir='ltr'>Paterna</span> <span class='ocrx_word' id='word_1_226' title='bbox 381 1875 473 1908; x_wconf 83' lang='lat' dir='ltr'>fulsit</span> <span class='ocrx_word' id='word_1_227' title='bbox 496 1876 608 1916; x_wconf 78' lang='lat' dir='ltr'>gratia.</span> <span class='ocrx_word' id='word_1_228' title='bbox 904 1875 975 1907; x_wconf 86' lang='lat' dir='ltr'>Suis</span> <span class='ocrx_word' id='word_1_229' title='bbox 1000 1875 1149 1906; x_wconf 84' lang='lat' dir='ltr'>viderunt</span> <span class='ocrx_word' id='word_1_230' title='bbox 1173 1875 1282 1907; x_wconf 91' lang='lat' dir='ltr'>oculis.</span> 
     </span>
    </p>
   </div>
   <div class='ocr_carea' id='block_1_16' title="bbox 161 1932 1375 2112">
    <p class='ocr_par' dir='ltr' id='par_1_16' title="bbox 161 1932 1375 2112">
     <span class='ocr_line' id='line_1_40' title="bbox 161 1932 1303 1974; baseline -0.003 -8"><span class='ocrx_word' id='word_1_231' title='bbox 161 1935 192 1968; x_wconf 84' lang='lat'>2.</span> <span class='ocrx_word' id='word_1_232' title='bbox 218 1935 393 1974; x_wconf 85' lang='lat' dir='ltr'>Perspicuo</span> <span class='ocrx_word' id='word_1_233' title='bbox 418 1943 493 1965; x_wconf 82' lang='lat' dir='ltr'>nam</span> <span class='ocrx_word' id='word_1_234' title='bbox 517 1933 636 1964; x_wconf 86' lang='lat' dir='ltr'>lumine</span> <span class='ocrx_word' id='word_1_235' title='bbox 845 1935 875 1965; x_wconf 88' lang='lat'>5.</span> <span class='ocrx_word' id='word_1_236' title='bbox 902 1932 951 1964; x_wconf 86' lang='lat' dir='ltr'>Tu</span> <span class='ocrx_word' id='word_1_237' title='bbox 975 1932 1076 1972; x_wconf 79' lang='lat' dir='ltr'>patris</span> <span class='ocrx_word' id='word_1_238' title='bbox 1101 1935 1178 1964; x_wconf 81' lang='lat' dir='ltr'>nate</span> <span class='ocrx_word' id='word_1_239' title='bbox 1201 1932 1303 1972; x_wconf 87' lang='lat' dir='ltr'>unice,</span> 
     </span>
     <span class='ocr_line' id='line_1_41' title="bbox 218 1979 1375 2021; baseline -0.004 -6"><span class='ocrx_word' id='word_1_240' title='bbox 218 1982 363 2016; x_wconf 85' lang='lat' dir='ltr'>Candido</span> <span class='ocrx_word' id='word_1_241' title='bbox 388 1984 507 2013; x_wconf 82' lang='lat' dir='ltr'>tectum</span> <span class='ocrx_word' id='word_1_242' title='bbox 532 1980 653 2020; x_wconf 85' lang='lat' dir='ltr'>podere</span> <span class='ocrx_word' id='word_1_243' title='bbox 902 1979 1038 2012; x_wconf 85' lang='lat' dir='ltr'>Cunctos</span> <span class='ocrx_word' id='word_1_244' title='bbox 1062 1979 1233 2012; x_wconf 81' lang='lat' dir='ltr'>clementer</span> <span class='ocrx_word' id='word_1_245' title='bbox 1257 1979 1375 2021; x_wconf 84' lang='lat' dir='ltr'>refove,</span> 
     </span>
     <span class='ocr_line' id='line_1_42' title="bbox 217 2026 1345 2069; baseline -0.003 -7"><span class='ocrx_word' id='word_1_246' title='bbox 217 2030 380 2063; x_wconf 79' lang='lat' dir='ltr'>Christum</span> <span class='ocrx_word' id='word_1_247' title='bbox 401 2030 435 2062; x_wconf 87' lang='lat' dir='ltr'>in</span> <span class='ocrx_word' id='word_1_248' title='bbox 461 2038 539 2061; x_wconf 82' lang='lat' dir='ltr'>aura</span> <span class='ocrx_word' id='word_1_249' title='bbox 563 2029 622 2060; x_wconf 78' lang='lat' dir='ltr'>hae</span> <span class='ocrx_word' id='word_1_250' title='bbox 650 2029 701 2061; x_wconf 84' lang='lat' dir='ltr'>(lie</span> <span class='ocrx_word' id='word_1_251' title='bbox 903 2028 963 2067; x_wconf 82' lang='lat' dir='ltr'>Qui</span> <span class='ocrx_word' id='word_1_252' title='bbox 986 2032 1060 2059; x_wconf 79' lang='lat' dir='ltr'>tuae</span> <span class='ocrx_word' id='word_1_253' title='bbox 1084 2026 1201 2060; x_wconf 78' lang='lat' dir='ltr'>festum</span> <span class='ocrx_word' id='word_1_254' title='bbox 1225 2028 1345 2069; x_wconf 83' lang='lat' dir='ltr'>gloriae</span> 
     </span>
     <span class='ocr_line' id='line_1_43' title="bbox 214 2076 1281 2112; baseline -0.002 0"><span class='ocrx_word' id='word_1_255' title='bbox 214 2078 302 2112; x_wconf 79' lang='lat' dir='ltr'>Clari</span> <span class='ocrx_word' id='word_1_256' title='bbox 326 2078 476 2110; x_wconf 86' lang='lat' dir='ltr'>viderunt</span> <span class='ocrx_word' id='word_1_257' title='bbox 500 2077 624 2110; x_wconf 81' lang='lat' dir='ltr'>heroes,</span> <span class='ocrx_word' id='word_1_258' title='bbox 896 2076 1020 2108; x_wconf 82' lang='lat' dir='ltr'>Devote</span> <span class='ocrx_word' id='word_1_259' title='bbox 1045 2076 1153 2108; x_wconf 86' lang='lat' dir='ltr'>colunt</span> <span class='ocrx_word' id='word_1_260' title='bbox 1176 2077 1281 2110; x_wconf 85' lang='lat' dir='ltr'>hodie.</span> 
     </span>
    </p>
   </div>
   <div class='ocr_carea' id='block_1_17' title="bbox 156 2133 1347 2314">
    <p class='ocr_par' dir='ltr' id='par_1_17' title="bbox 156 2133 1347 2314">
     <span class='ocr_line' id='line_1_44' title="bbox 156 2133 1286 2177; baseline -0.004 -7"><span class='ocrx_word' id='word_1_261' title='bbox 156 2138 188 2170; x_wconf 83' lang='grc'>3.</span> <span class='ocrx_word' id='word_1_262' title='bbox 215 2137 240 2170; x_wconf 94' lang='grc' dir='ltr'><strong>Ο</strong></span> <span class='ocrx_word' id='word_1_263' title='bbox 267 2146 359 2177; x_wconf 82' lang='lat' dir='ltr'>quam</span> <span class='ocrx_word' id='word_1_264' title='bbox 387 2136 483 2176; x_wconf 81' lang='lat' dir='ltr'>digna</span> <span class='ocrx_word' id='word_1_265' title='bbox 508 2134 687 2176; x_wconf 78' lang='lat' dir='ltr'>celebritas,</span> <span class='ocrx_word' id='word_1_266' title='bbox 844 2136 876 2168; x_wconf 88' lang='grc'>6.</span> <span class='ocrx_word' id='word_1_267' title='bbox 901 2133 987 2166; x_wconf 83' lang='lat' dir='ltr'>Laus</span> <span class='ocrx_word' id='word_1_268' title='bbox 1009 2133 1096 2173; x_wconf 81' lang='lat' dir='ltr'>patri</span> <span class='ocrx_word' id='word_1_269' title='bbox 1119 2133 1286 2173; x_wconf 81' lang='lat' dir='ltr'>invisibili,</span> 
     </span>
     <span class='ocr_line' id='line_1_45' title="bbox 215 2180 1336 2225; baseline -0.006 -7"><span class='ocrx_word' id='word_1_270' title='bbox 215 2186 254 2218; x_wconf 87' lang='lat' dir='ltr'>In</span> <span class='ocrx_word' id='word_1_271' title='bbox 280 2194 342 2225; x_wconf 75' lang='lat' dir='ltr'>qua</span> <span class='ocrx_word' id='word_1_272' title='bbox 366 2184 511 2224; x_wconf 81' lang='lat' dir='ltr'>polorum</span> <span class='ocrx_word' id='word_1_273' title='bbox 538 2183 675 2223; x_wconf 77' lang='lat' dir='ltr'>dignitas</span> <span class='ocrx_word' id='word_1_274' title='bbox 900 2182 985 2214; x_wconf 81' lang='lat' dir='ltr'>Laus</span> <span class='ocrx_word' id='word_1_275' title='bbox 1011 2181 1078 2221; x_wconf 88' lang='lat' dir='ltr'>ejus</span> <span class='ocrx_word' id='word_1_276' title='bbox 1103 2190 1193 2214; x_wconf 84' lang='lat' dir='ltr'>sacro</span> <span class='ocrx_word' id='word_1_277' title='bbox 1217 2180 1336 2213; x_wconf 81' lang='lat' dir='ltr'>flamini</span> 
     </span>
     <span class='ocr_line' id='line_1_46' title="bbox 214 2229 1308 2272; baseline -0.005 -7"><span class='ocrx_word' id='word_1_278' title='bbox 214 2233 354 2265; x_wconf 85' lang='lat' dir='ltr'>Telluris</span> <span class='ocrx_word' id='word_1_279' title='bbox 380 2232 472 2271; x_wconf 82' lang='lat' dir='ltr'>hujus</span> <span class='ocrx_word' id='word_1_280' title='bbox 494 2230 603 2263; x_wconf 81' lang='lat' dir='ltr'>infima</span> <span class='ocrx_word' id='word_1_281' title='bbox 901 2229 1047 2270; x_wconf 83' lang='lat' dir='ltr'>Lausque</span> <span class='ocrx_word' id='word_1_282' title='bbox 1071 2229 1114 2260; x_wconf 88' lang='lat' dir='ltr'>sit</span> <span class='ocrx_word' id='word_1_283' title='bbox 1136 2230 1308 2272; x_wconf 82' lang='lat' dir='ltr'>unigenito,</span> 
     </span>
     <span class='ocr_line' id='line_1_47' title="bbox 210 2278 1347 2314; baseline -0.004 -1"><span class='ocrx_word' id='word_1_284' title='bbox 210 2281 385 2314; x_wconf 69' lang='lat' dir='ltr'>Irradiavit</span> <span class='ocrx_word' id='word_1_285' title='bbox 410 2280 536 2312; x_wconf 80' lang='lat' dir='ltr'>nebula.</span> <span class='ocrx_word' id='word_1_286' title='bbox 900 2278 994 2311; x_wconf 85' lang='lat' dir='ltr'>Orbis</span> <span class='ocrx_word' id='word_1_287' title='bbox 1018 2281 1176 2309; x_wconf 82' lang='lat' dir='ltr'>terrarum</span> <span class='ocrx_word' id='word_1_288' title='bbox 1201 2278 1347 2310; x_wconf 83' lang='lat' dir='ltr'>Domino.</span> 
     </span>
    </p>
   </div>
   <div class='ocr_carea' id='block_1_18' title="bbox 845 1732 1263 1773">
    <p class='ocr_par' dir='ltr' id='par_1_18' title="bbox 845 1732 1263 1773">
     <span class='ocr_line' id='line_1_48' title="bbox 845 1732 1263 1773; baseline -0.01 -7"><span class='ocrx_word' id='word_1_289' title='bbox 845 1735 875 1766; x_wconf 84' lang='lat'>4.</span> <span class='ocrx_word' id='word_1_290' title='bbox 904 1733 928 1765; x_wconf 95' lang='lat' dir='ltr'>O</span> <span class='ocrx_word' id='word_1_291' title='bbox 956 1734 1117 1764; x_wconf 84' lang='lat' dir='ltr'>consortes</span> <span class='ocrx_word' id='word_1_292' title='bbox 1146 1732 1263 1773; x_wconf 78' lang='lat' dir='ltr'>eximii,</span> 
     </span>
    </p>
   </div>
   <div class='ocr_carea' id='block_1_19' title="bbox 151 2351 1468 2505">
    <p class='ocr_par' dir='ltr' id='par_1_19' title="bbox 151 2351 1468 2469">
     <span class='ocr_line' id='line_1_49' title="bbox 232 2351 1464 2390; baseline -0.006 -5"><span class='ocrx_word' id='word_1_293' title='bbox 232 2358 317 2385; x_wconf 82' lang='lat' dir='ltr'>Brev.</span> <span class='ocrx_word' id='word_1_294' title='bbox 338 2366 382 2384; x_wconf 83' lang='lat' dir='ltr'>ms</span> <span class='ocrx_word' id='word_1_295' title='bbox 412 2354 715 2390; x_wconf 80' lang='lat' dir='ltr'>Romano-Augustin.</span> <span class='ocrx_word' id='word_1_296' title='bbox 737 2362 812 2382; x_wconf 75' lang='lat' dir='ltr'>saec.</span> <span class='ocrx_word' id='word_1_297' title='bbox 836 2352 878 2381; x_wconf 79' lang='lat'>15.</span> <span class='ocrx_word' id='word_1_298' title='bbox 908 2353 977 2381; x_wconf 76' lang='lat' dir='ltr'>God.</span> <span class='ocrx_word' id='word_1_299' title='bbox 998 2353 1133 2380; x_wconf 76' lang='lat' dir='ltr'>Vatican.</span> <span class='ocrx_word' id='word_1_300' title='bbox 1149 2354 1285 2382; x_wconf 82' lang='lat' dir='ltr'>Ottobon.</span> <span class='ocrx_word' id='word_1_301' title='bbox 1306 2351 1362 2380; x_wconf 74' lang='lat'>544</span> <span class='ocrx_word' id='word_1_302' title='bbox 1375 2353 1408 2380; x_wconf 77' lang='lat' dir='ltr'>A.</span> <span class='ocrx_word' id='word_1_303' title='bbox 1430 2367 1464 2371; x_wconf 85' lang='lat'>-</span> 
     </span>
     <span class='ocr_line' id='line_1_50' title="bbox 151 2389 1468 2425; baseline -0.003 -3"><span class='ocrx_word' id='word_1_304' title='bbox 151 2396 235 2424; x_wconf 76' lang='lat' dir='ltr'>Brev.</span> <span class='ocrx_word' id='word_1_305' title='bbox 265 2405 319 2424; x_wconf 85' lang='lat' dir='ltr'>ms.</span> <span class='ocrx_word' id='word_1_306' title='bbox 344 2396 508 2424; x_wconf 84' lang='lat' dir='ltr'>Romanum</span> <span class='ocrx_word' id='word_1_307' title='bbox 538 2402 612 2422; x_wconf 81' lang='lat' dir='ltr'>saec.</span> <span class='ocrx_word' id='word_1_308' title='bbox 643 2391 686 2422; x_wconf 84' lang='lat'>15.</span> <span class='ocrx_word' id='word_1_309' title='bbox 728 2393 797 2421; x_wconf 77' lang='lat' dir='ltr'>Cocl.</span> <span class='ocrx_word' id='word_1_310' title='bbox 816 2393 906 2421; x_wconf 84' lang='lat' dir='ltr'>Univ.</span> <span class='ocrx_word' id='word_1_311' title='bbox 926 2392 1089 2420; x_wconf 86' lang='lat' dir='ltr'>Bononien.</span> <span class='ocrx_word' id='word_1_312' title='bbox 1115 2392 1149 2420; x_wconf 92' lang='lat' dir='ltr'>B.</span> <span class='ocrx_word' id='word_1_313' title='bbox 1176 2407 1213 2411; x_wconf 92' lang='lat'>—-</span> <span class='ocrx_word' id='word_1_314' title='bbox 1244 2390 1271 2425; x_wconf 82' lang='lat'>1,</span> <span class='ocrx_word' id='word_1_315' title='bbox 1299 2389 1317 2418; x_wconf 77' lang='grc'>2</span> <span class='ocrx_word' id='word_1_316' title='bbox 1344 2392 1468 2419; x_wconf 78' lang='lat' dir='ltr'>recurrit</span> 
     </span>
     <span class='ocr_line' id='line_1_51' title="bbox 151 2429 1115 2469; baseline -0.005 -6"><span class='ocrx_word' id='word_1_317' title='bbox 151 2435 251 2463; x_wconf 76' lang='lat' dir='ltr'>anima</span> <span class='ocrx_word' id='word_1_318' title='bbox 269 2435 302 2462; x_wconf 84' lang='grc' dir='ltr'>Β.</span> <span class='ocrx_word' id='word_1_319' title='bbox 325 2450 359 2453; x_wconf 90' lang='grc'><strong>-</strong></span> <span class='ocrx_word' id='word_1_320' title='bbox 381 2432 407 2469; x_wconf 84' lang='grc'>2,</span> <span class='ocrx_word' id='word_1_321' title='bbox 431 2432 448 2461; x_wconf 84' lang='grc'>2</span> <span class='ocrx_word' id='word_1_322' title='bbox 470 2432 601 2462; x_wconf 81' lang='lat' dir='ltr'>Candido</span> <span class='ocrx_word' id='word_1_323' title='bbox 623 2441 721 2460; x_wconf 76' lang='lat' dir='ltr'>secum</span> <span class='ocrx_word' id='word_1_324' title='bbox 740 2433 775 2460; x_wconf 88' lang='lat' dir='ltr'>A.</span> <span class='ocrx_word' id='word_1_325' title='bbox 795 2447 833 2451; x_wconf 89' lang='lat'>-—</span> <span class='ocrx_word' id='word_1_326' title='bbox 853 2429 879 2466; x_wconf 81' lang='lat'>2,</span> <span class='ocrx_word' id='word_1_327' title='bbox 901 2430 919 2459; x_wconf 70' lang='lat'><strong>3</strong></span> <span class='ocrx_word' id='word_1_328' title='bbox 939 2432 971 2458; x_wconf 90' lang='lat' dir='ltr'>in</span> <span class='ocrx_word' id='word_1_329' title='bbox 991 2439 1061 2458; x_wconf 81' lang='lat' dir='ltr'>auro</span> <span class='ocrx_word' id='word_1_330' title='bbox 1081 2430 1115 2458; x_wconf 82' lang='lat' dir='ltr'>A.</span> 
     </span>
    </p>

    <p class='ocr_par' dir='ltr' id='par_1_20' title="bbox 1250 2475 1291 2505">
     <span class='ocr_line' id='line_1_52' title="bbox 1250 2475 1291 2505; baseline 0 -13"><span class='ocrx_word' id='word_1_331' title='bbox 1250 2475 1291 2505; x_wconf 75' lang='grc'>2*</span> 
     </span>
    </p>
   </div>
  </div>
 </body>
</html>
