1653 2637
744 129 977 165 —74—

427 229 458 261 8.
486 229 664 262 Occurrunt
687 236 836 269 proceres
863 228 952 271 coeli,
978 228 1090 268 regina
1113 227 1228 269 Maria,

482 277 595 309 Omnia
616 277 703 309 laeta
724 276 826 317 vides,
850 276 943 317 vade,
968 276 1065 307 beata
1086 275 1198 317 nimis;

483 324 654 365 Angelicus
680 328 795 365 coetus,
824 324 903 355 coeli
927 324 1038 363 regina
1060 322 1175 363 Maria,

483 372 611 412 Obvius,
638 380 720 412 ecce,
745 371 842 411 venit,
868 371 959 411 vade,
988 370 1083 403 beata
1104 371 1208 403 nimis.

427 429 458 461 9.
484 429 622 469 Agmina
646 429 813 467 coelorum,
838 428 918 459 coeli
941 428 1052 467 regina
1075 427 1191 467 Maria,

480 475 630 515 Undique
651 476 736 507 laeta
758 473 868 516 fluunt,
894 475 986 515 vade,
1012 475 1107 507 beata
1131 475 1236 508 nimis.

479 523 592 562 Filius,
620 531 701 565 ecce,
729 526 812 563 tuus,
839 522 919 554 coeli
943 522 1054 562 regina
1077 521 1193 565 Maria,

477 570 524 601 Te
547 570 670 602 laturus
695 570 796 607 adest,
823 570 913 608 vade,
940 569 1036 601 beata
1058 569 1163 602 nimis.

401 627 457 660 10.
482 626 569 665 Quae
591 627 702 667 regina
726 625 788 659 fuit
812 635 906 658 carne
932 627 1069 659 deducta
1092 626 1279 667 triumpho?

476 674 575 706 Nulla
599 675 735 717 quidem,
762 674 868 715 nulla3
895 675 998 715 gloria
1021 684 1136 716 magna
1159 675 1237 715 tibi;

479 721 590 754 Gloria
614 731 728 762 magna
751 721 821 762 tibi,
847 731 969 754 summa
989 723 1056 762 jam
1079 722 1155 755 sede
1179 723 1312 766 locatae,

477 770 522 801 Et
547 779 632 801 nunc
657 772 689 801 et
712 778 839 809 semper
863 771 966 810 gloria
989 779 1104 810 magna
1127 769 1198 804 tibi.

282 835 351 862 Cod.
373 835 508 863 Oasinen.
536 832 599 862 194.
620 843 694 863 saec.
715 834 787 864 111'12.
808 835 873 862 add.
893 843 969 863 saec.
992 834 1036 863 11.
1058 835 1121 871 (mit
1139 836 1289 871 Neumen).
1310 853 1348 856 —
1368 834 1401 870 9,
1427 833 1447 864 4
1465 836 1509 863 Te

204 873 325 901 lanurus
348 873 439 901 adest.

619 984 675 1016 115.
706 985 742 1016 In
761 984 979 1025 Assumptione
998 985 1088 1017 BMV.

704 1063 753 1092 Ad
771 1062 828 1092 Pro
833 1063 1002 1093 cessionem.

374 1131 389 1164 1
420 1130 537 1163 Sancta
559 1131 665 1164 Maria
689 1131 766 1173 quid
792 1131 864 1164 est?
889 1133 918 1164 si
943 1133 1023 1164 coeli
1048 1133 1175 1165 climata
1198 1132 1337 1173 scandis,

474 1179 553 1211 Esto
578 1179 714 1220 benigna
736 1179 808 1213 tuis,
859 1180 976 1212 Sancta
999 1180 1105 1213 Maria
1126 1180 1202 1219 quid
1227 1180 1299 1211 est?

426 1225 521 1258 Unde
544 1225 652 1258 fremit
675 1227 810 1268 populus
834 1228 886 1259 vel
911 1236 968 1259 cur
991 1228 1109 1260 vexilla
1133 1226 1323 1259 coruscant?

475 1273 556 1312 Quid
581 1274 642 1306 sibi
668 1275 736 1307 vult
759 1274 936 1314 strepitus?
960 1275 1046 1307 unde
1070 1274 1177 1307 fremit
1201 1273 1361 1314 populus?

374 1323 392 1354 5
420 1321 523 1360 Quare
546 1322 655 1353 volant
678 1321 811 1363 faculae,
838 1322 946 1355 lucent
969 1331 1027 1362 per
1051 1325 1152 1354 strata
1175 1330 1317 1366 coronae,

474 1368 607 1400 Lumine
632 1378 701 1401 cum
725 1370 819 1401 lunae
844 1379 942 1409 quare
965 1371 1075 1402 volant
1098 1368 1248 1401 faculae?

428 1416 525 1447 Astra
548 1418 652 1449 nitent
673 1417 783 1459 radiis,
810 1417 944 1449 rutilant
968 1421 999 1449 et
1023 1420 1109 1450 tecta
1132 1417 1276 1458 laternis,

475 1462 594 1495 Cuncta
617 1464 734 1496 rubent
754 1462 899 1507 flammis,
924 1467 1012 1497 astra
1034 1466 1136 1497 nitent
1160 1464 1270 1498 radiis.

424 1510 524 1542 Edita
548 1511 728 1543 consulibus
752 1514 934 1555 numerasti,
959 1513 1071 1552 Roma,
1097 1512 1287 1554 triumphos,

351 1559 393 1591 10
466 1557 562 1598 Signa
585 1568 692 1591 moves
715 1560 872 1599 planctuS,
898 1560 985 1592 edita
1009 1559 1214 1593 consulibus?

425 1605 511 1644 Quae
533 1605 593 1637 tibi
618 1615 712 1638 causa
733 1607 818 1647 mali,
845 1605 923 1639 felix
948 1617 966 1639 ο
991 1609 1092 1648 gloria
1116 1605 1251 1639 mundi?

474 1652 538 1685 Gur
560 1657 691 1686 manant
714 1654 807 1694 oculi,
835 1664 914 1694 quae
938 1655 998 1687 tibi
1024 1664 1119 1688 causa
1142 1653 1245 1687 mali?

425 1701 556 1741 Plaude,
582 1710 699 1741 parens
723 1703 857 1742 patriae,
882 1703 1024 1735 rorantia
1046 1703 1167 1735 lumina
1189 1706 1286 1746 terge,

472 1747 568 1788 Spem
591 1750 708 1781 retines
732 1749 853 1792 veniae,
879 1750 998 1789 plaude
1021 1759 1136 1791 parens
1159 1751 1293 1790 patriae.

355 1797 396 1829 15
423 1795 574 1835 Martyrii
597 1797 701 1836 pretio
729 1797 845 1829 cecidit
868 1798 896 1829 si
919 1799 1023 1838 prima
1046 1807 1199 1839 propagO,

471 1843 543 1876 Stas
567 1848 718 1877 renovata
740 1846 834 1877 modo
859 1846 1006 1886 martyrii
1030 1847 1143 1886 pretio.

424 1890 550 1923 Limina
573 1893 693 1932 primus
717 1892 787 1925 adit
810 1893 898 1925 silvis
923 1894 1082 1934 digressus
1107 1896 1225 1933 arator,

469 1938 564 1970 Nunc
586 1943 641 1971 tua
663 1941 805 1979 piscator
827 1941 938 1973 limina
957 1942 1079 1981 primus
1102 1941 1182 1974 adit.

423 1986 560 2018 Pulvere
582 1988 752 2027 multiplici
777 1987 879 2019 crines
902 1987 1090 2021 foedaverat
1109 1988 1176 2027 ille,

353 2035 395 2066 20
468 2033 532 2065 Hic
555 2036 588 2065 te
611 2035 743 2066 mundat
767 2035 856 2074 aquis
881 2036 1012 2075 pulvere
1036 2036 1215 2075 multiplici.

423 2081 541 2113 Paulus
566 2082 648 2113 ovile
672 2085 761 2113 tuum
784 2091 917 2121 pascens
944 2083 1051 2115 educit
1075 2087 1233 2124 aquatum,

469 2128 576 2168 Atque
599 2127 702 2161 refert
724 2129 857 2161 stabulis
882 2131 1001 2162 Paulus
1026 2132 1109 2163 ovile
1134 2134 1231 2165 tuum.

679 2205 863 2247 Respondet
885 2207 1013 2239 Roma:

422 2270 504 2310 Quid
526 2280 681 2304 memoras
705 2273 814 2305 titulos
839 2276 895 2305 aut
918 2282 974 2305 cur
997 2274 1135 2316 insignia
1158 2275 1267 2314 prisca

469 2319 588 2358 Objicis
611 2321 646 2352 in
670 2319 815 2353 vultum?
843 2321 921 2361 quid
944 2330 1100 2354 memoras
1123 2322 1258 2355 titulos?

353 2369 395 2401 25
420 2366 532 2399 Enitui
556 2366 638 2400 facie
662 2371 729 2401 toto
753 2369 967 2402 memorabilis
992 2370 1079 2411 orbe,

472 2414 596 2447 Callida
619 2417 677 2449 sed
698 2418 810 2459 vulpes
836 2417 934 2449 enitui
959 2416 1052 2452 facie.
