1653 2637
717 123 978 159 *237*

636 235 708 267 420.
736 235 780 267 De
801 238 912 268 sancta
931 236 1067 269 Martha.

384 315 416 351 1.
443 317 601 349 Praesens
630 318 817 350 solemnium
840 321 985 351 nostrum
1010 319 1053 351 sit
1077 319 1237 360 gaudium,

444 363 542 408 Cujus
568 366 774 405 praeconium
800 367 906 399 cordis
931 366 1119 408 tripudium,

444 413 523 446 Cum
548 413 680 446 Martha
704 413 817 445 solium
843 414 1000 446 scandens
1026 415 1067 446 ad
1093 415 1228 447 arduum

493 461 608 493 Adivit
632 470 740 502 regem
766 461 915 494 omnium.

390 528 421 559 2.
449 526 612 559 Virtutum
636 527 793 560 Dominus
822 528 941 567 gaudet
963 529 1163 568 amplexibus

449 574 570 606 Felicis
595 575 753 617 hospitae,
777 574 855 607 fidei
881 575 991 608 debita

448 622 570 654 Reddit
596 620 713 663 officia,
741 623 815 655 dum
841 622 996 655 beneficia

498 668 607 710 Larga
633 670 729 702 solvit
753 671 787 702 in
812 671 928 710 patria.

385 736 415 768 3.
445 737 632 768 Pascentem
657 735 771 777 reficit,
799 736 853 777 qui
877 738 995 769 mundo
1020 735 1149 777 sufficit,

447 782 539 815 Nova
566 783 645 816 dans
671 783 805 824 fercula,
838 784 944 817 dulcia
969 785 1094 827 pocula,

444 832 533 863 Fons
556 831 754 873 indeficiens,
781 832 909 872 hospita
933 832 1046 864 sitiens

495 878 593 910 Bibat
615 888 777 919 nunquam
802 878 982 912 fastidiens.

387 945 420 977 4.
445 944 550 977 Dulce
576 945 764 986 convivium,
789 946 823 977 in
850 955 913 990 quo
936 955 996 985 per
1019 944 1150 978 fluvium

447 991 695 1024 Delectabilium
721 993 807 1025 tollit
831 991 1011 1033 fastidium,

446 1039 517 1071 Hoc
542 1040 670 1080 plenum
696 1041 856 1082 gaudium,
883 1041 944 1072 hoc
968 1041 1181 1081 patrocinium

494 1087 646 1119 Marthae
671 1088 765 1120 datur
788 1088 823 1119 in
847 1089 1034 1128 praemium.

387 1156 417 1186 5.
445 1154 590 1193 Oramus,
616 1153 763 1195 Domine,
792 1155 930 1187 dilectae
954 1155 1101 1195 hospitae

446 1201 531 1234 Dum
555 1200 672 1234 festum
699 1204 820 1242 agimus
840 1202 1054 1243 hymnumque
1079 1202 1256 1243 pangimus,

445 1249 526 1289 EJ'us
551 1250 735 1289 precamine
760 1259 933 1290 purgemur
959 1249 1101 1291 crimine,

496 1297 586 1331 Coeli
610 1297 766 1330 laetemur
791 1299 927 1337 agmine.

392 1365 424 1398 6.
450 1364 507 1405 Te,
536 1372 660 1396 summa
683 1363 822 1404 trinitas,
849 1364 985 1404 simplex
1010 1364 1170 1403 divinitas,

447 1411 547 1450 Quam
572 1410 638 1443 fide
661 1412 830 1455 noscimus
860 1412 974 1444 devote
998 1412 1169 1451 poscimus,

449 1459 496 1491 Ut
520 1468 579 1499 per
603 1458 755 1498 suffragia
779 1459 930 1491 Marthae
956 1460 1012 1492 des
1038 1459 1155 1499 gaudia

497 1506 600 1539 Nobis
626 1504 670 1551 [in
698 1507 778 1539 coeli
804 1503 919 1551 cuna}

270 1582 355 1610 Brev.
382 1590 436 1610 ms.
455 1581 628 1610 Mellicense
652 1579 709 1609 992
736 1590 812 1609 saec.
835 1580 878 1610 15.
905 1596 944 1600 —
976 1581 1006 1615 1,
1036 1580 1050 1608 1
1071 1582 1214 1610 Praesens
1235 1585 1366 1610 nostrum
1387 1593 1389 1608 ι
1407 1582 1517 1609 olemus

193 1622 242 1648 sit.
263 1635 299 1640 ——
320 1619 347 1653 5,
369 1618 389 1647 4
414 1620 486 1648 Cum
509 1620 583 1648 coeli
603 1620 757 1648 laetemur,
777 1636 815 1640 —
837 1620 862 1655 61
884 1618 902 1648 3
920 1622 1008 1649 nobis
1026 1620 1162 1648 Marthae
1185 1621 1232 1648 des
1254 1621 1373 1657 gaudia,

644 1769 708 1801 421.
738 1770 782 1800 De
802 1771 910 1802 sancto
932 1769 1076 1801 martino.

429 1850 460 1882 1.
486 1849 657 1890 Martinus,
685 1849 808 1882 meritis
833 1859 963 1890 compar
988 1851 1152 1890 apostolis,

486 1897 621 1930 Praesul
646 1897 843 1938 magnificus,
868 1897 1052 1938 pontificum
1081 1899 1187 1934 decus,

484 1946 524 1978 In
546 1946 664 1978 mundo
691 1946 849 1978 celebrem
876 1948 1041 1978 consecrat
1066 1948 1149 1978 hanc
1175 1947 1268 1987 diem,

539 1993 607 2033 Qua
633 1994 819 2026 conscendit
843 1995 885 2026 ad
911 1995 1051 2027 aethera.

426 2064 459 2095 2.
485 2061 658 2102 Martinus,
684 2061 828 2094 modicus
856 2064 888 2093 et
910 2070 1034 2102 pauper
1060 2061 1197 2101 saeculo,

486 2109 587 2143 Dives
607 2109 789 2150 ingreditur
813 2119 913 2151 regna
936 2110 1101 2154 perennia,

487 2157 636 2198 Quamvis
664 2157 819 2190 ecclesiae
843 2166 924 2200 pace
949 2157 1137 2202 quiesceret,

533 2207 678 2240 Palmam
703 2206 853 2248 martyrii
877 2209 976 2240 tenet.

426 2276 457 2309 3.
484 2274 549 2307 Hic
574 2273 735 2307 Christum
760 2273 867 2306 media
892 2273 1064 2315 chlamyde
1087 2276 1214 2306 texerat

485 2322 566 2355 Tres
594 2322 634 2355 de
658 2325 761 2354 morte
787 2321 872 2354 viros
898 2323 994 2361 atque
1018 2321 1198 2363 resuscitat,

483 2370 569 2403 Dum
594 2370 690 2403 nudis
717 2369 859 2403 brachiis
886 2369 1003 2401 obtulit
1028 2370 1175 2411 hostiam,

532 2418 620 2460 Ignis
646 2418 780 2451 coelitus
805 2416 921 2451 adfuit.
