1653 2637
733 120 962 154 *80—

192 214 245 247 11.
259 214 361 247 Deum
384 216 476 249 nobis
500 217 672 257 propitium
869 215 923 248 12.
941 213 1077 246 Caterva
1098 212 1312 246 innocentium

260 262 401 295 Reddite
424 265 466 297 ad
487 265 651 304 Judicium,
936 262 1044 300 Atque
1067 263 1247 293 sanctorum
1272 262 1456 299 martyrum,

263 309 338 342 Cum
361 313 471 343 nostra
491 310 529 344 fit
554 312 705 343 discussio
936 307 1202 347 Parvipendendo
1227 310 1335 340 terrea

261 359 309 389 Ac
334 358 497 398 culparum
521 358 679 390 discretio.
935 354 1057 395 Adepti
1082 356 1162 388 coeli
1186 356 1313 395 gaudia.

264 451 391 487 Legend.
411 461 463 479 ms.
484 452 513 480 S.
535 451 668 488 Gregorii
687 452 719 478 in
738 450 817 479 Urbe
837 458 913 477 sace.
936 446 979 476 11.
1021 447 1089 476 Ood.
1110 449 1244 477 Vatican.
1265 447 1346 476 1274.

615 627 677 659 125.
710 628 753 659 De
775 626 917 658 Omnibus
938 626 1069 658 Sanctis.

407 727 438 759 1.
464 726 605 767 Benigne
628 729 730 767 pater,
763 726 910 758 cordibus
935 725 1087 766 fidelium,

460 775 554 807 Mitte
577 774 689 806 salutis
713 777 862 806 aeternae
886 774 1047 815 auxilium,

459 822 524 862 Quo
549 830 656 853 verum
680 821 782 853 Deum
802 830 928 861 semper
950 822 1053 860 possit
1077 821 1181 853 colere

458 870 509 901 Ac
531 869 716 909 trinitatem,
742 870 826 901 sicut
850 872 907 909 est,
934 877 1131 909 cognoscere.

406 945 437 977 2.
464 945 570 976 Mater
596 948 626 976 et
650 944 750 984 virgo,
776 944 919 975 omnibus
946 943 1093 981 nobilior,

458 991 597 1031 Fulgida
618 992 719 1035 stella,
746 1000 826 1033 prae
851 991 970 1023 cunctis
995 990 1205 1032 splendidior,

458 1039 508 1071 Tu
530 1039 712 1078 reparatrix
736 1039 836 1071 onmis
861 1038 948 1070 orbis
973 1038 1103 1078 perditi,

461 1086 602 1118 Gratiam
627 1087 674 1118 tui
698 1087 789 1119 nobis
814 1095 912 1126 posce
935 1084 1005 1119 filii.

404 1163 436 1195 3.
461 1163 603 1194 Virtutes
629 1162 719 1202 coeli,
746 1163 830 1194 cives
855 1162 1071 1204 admirabileS,

463 1209 580 1242 Christi
604 1209 750 1248 ministri,
777 1211 960 1250 angelorum
984 1208 1122 1252 ordineS,

460 1257 526 1289 Nos
551 1257 725 1289 imbecilles
748 1257 798 1289 1111
822 1256 921 1289 sortes
946 1257 1082 1295 reddite,

462 1304 520 1336 Cui
544 1304 679 1336 adstatis
702 1313 828 1344 semper
852 1306 981 1336 sanctus
1006 1304 1121 1336 dicere.

406 1381 438 1412 4.
465 1379 549 1413 Fide
571 1380 732 1419 praeclari
756 1380 960 1420 patriarchae
983 1379 1130 1419 primitus

461 1428 568 1466 Atque
592 1427 778 1467 prophetae,
804 1427 994 1467 cognovistis
1020 1427 1151 1459 coelitus

462 1476 636 1506 Venturum
661 1483 775 1516 regem,
803 1475 855 1514 qui
881 1477 1003 1507 constet
1022 1474 1180 1516 propitius

463 1521 563 1555 Nobis
588 1522 719 1554 misellis
743 1522 861 1554 sanctis
886 1522 1000 1554 vestris
1025 1521 1184 1562 precibus,

412 1600 441 1631 5.
465 1598 524 1638 Qui
549 1601 680 1638 propter
701 1598 805 1630 Deum
829 1598 871 1629 ad
897 1600 1009 1629 cuncta
1032 1597 1192 1636 supplicia

462 1647 561 1677 Artus
588 1645 720 1678 dedistis
740 1653 850 1685 passos
874 1645 974 1676 multa
998 1645 1142 1685 verbera,

461 1693 546 1733 Agni
571 1694 624 1733 qui
648 1693 745 1724 stolas
770 1692 892 1724 lavistis
917 1692 950 1723 in
974 1692 1135 1736 sanguine,

462 1741 524 1772 Pro
549 1741 640 1772 nobis
663 1739 731 1772 Deo
759 1740 867 1772 dulces
892 1748 1003 1780 preces
1030 1739 1165 1772 fundite.

407 1817 438 1849 6.
464 1817 631 1849 Praesules
656 1816 768 1858 sancti,
800 1815 995 1847 confessores
1020 1815 1119 1847 lucidi

462 1865 511 1896 Ac
535 1865 695 1905 eremitae,
722 1872 829 1895 omnes
854 1863 957 1895 sancti
982 1863 1138 1906 monachi,

462 1912 578 1944 Vestra
601 1911 767 1951 praeclara
791 1911 882 1942 nobis
907 1911 950 1942 sit
974 1910 1140 1949 confessio,

460 1957 558 1991 Vobis
582 1959 611 1989 si
635 1958 751 1998 placet,
777 1961 907 1989 aeterna
931 1958 1075 1989 salvatio.

407 2035 437 2067 7.
464 2033 595 2067 Judices
620 2033 726 2072 saecli,
753 2041 830 2064 vera
852 2032 963 2063 mundi
987 2032 1117 2072 lumina,

460 2081 598 2121 Spiritus
623 2082 749 2112 sanctus
774 2088 829 2112 vos
856 2079 963 2111 <locuit
985 2079 1098 2121 omnia,

462 2128 575 2160 Claves
600 2128 652 2167 qui
678 2127 758 2158 coeli
782 2126 831 2158 sui
857 2127 932 2158 estis
957 2127 1069 2166 gratia,

459 2175 579 2207 Nostra
599 2175 709 2214 jubete
735 2174 835 2206 deleri
857 2174 1050 2213 peccamina.

406 2252 437 2286 8.
463 2251 652 2284 Sanctarum
675 2259 772 2291 genus
797 2251 966 2292 gloriosum
989 2250 1147 2291 virginum

461 2300 511 2331 Ac
534 2299 699 2330 viduarum
723 2298 816 2330 simul
842 2298 1077 2337 continentium,

463 2347 528 2385 Quo
554 2346 676 2386 quimus
703 2355 811 2378 verum
835 2346 973 2386 pleniter
998 2345 1185 2390 omnimode,

462 2394 530 2426 Nos
554 2393 769 2435 imploramus,
795 2393 943 2434 gaudium
969 2393 1144 2433 acquirere.
