1653 2637
681 120 727 129 ———
778 98 942 140 299-

152 197 208 232 13.
222 192 341 232 Nescia
366 198 416 232 sui
440 204 557 234 natura

221 247 326 288 Ritus,
353 252 463 281 sancto
488 250 545 281 sed
571 250 726 289 subjecta,

221 295 341 327 Aditus
368 296 459 328 dedit
484 296 646 337 gressibus

219 342 371 375 Fundam
396 343 498 376 silvae
522 345 759 385 quaerentibus

152 429 206 461 14.
224 426 345 462 Orante
368 430 432 461 isto
457 429 614 471 fulgidam

221 476 285 508 Per
313 485 412 509 venas
439 477 545 509 emisit
568 478 733 518 lympham

220 524 342 563 Tenus,
371 534 483 557 carens
507 526 692 566 prudentia,

220 572 389 604 Precantis
412 581 473 605 nec
498 574 620 614 sprevit
646 574 754 609 corda.

149 659 203 691 15.
218 654 283 691 Per
309 667 402 698 quem
426 660 539 698 procul
565 660 658 698 pulsa
678 664 780 692 morte

220 705 419 738 Revixerunt
441 706 475 737 in
502 715 637 745 corpore

218 752 303 797 Bini,
331 761 409 793 quos
434 754 533 785 letum
559 754 714 794 perdidit,

219 801 353 833 Praeter
379 810 471 841 quem
497 809 630 841 serpens
648 802 775 834 occidit.

149 886 203 920 16.
219 885 311 925 Quod
336 885 424 926 fecit,
451 896 513 919 non
540 889 731 931 omittamus,

218 934 334 966 Ternis
360 943 484 975 quoque
508 935 696 978 latronibus,

218 981 331 1014 Carnis
354 985 447 1022 peste
473 991 550 1022 quos
576 984 712 1024 sanavit,

218 1029 427 1062 Christicolas
453 1039 530 1069 quos
557 1029 703 1069 perfecit.

144 1116 199 1149 17.
214 1112 358 1148 Roscido
383 1115 505 1154 sparsit
529 1113 648 1147 famine

216 1162 425 1203 Gradlonum‚
455 1163 568 1195 ducem
590 1163 724 1203 patriae,

213 1210 273 1248 Qui
298 1213 335 1241 ut
358 1218 434 1251 ager
458 1219 522 1243 non
547 1212 694 1250 spinosus

212 1257 352 1290 Fructus
378 1258 522 1290 reddidit
546 1261 707 1291 centenos.

840 204 896 237 18.
915 200 1046 243 Signum
1070 203 1168 244 gessit
1191 201 1347 243 mirabile,

914 251 1040 283 Sororis
1066 251 1127 283 sibi
1152 260 1322 291 germanae

911 300 1032 332 Ventre
1057 297 1156 331 traxit
1180 307 1258 339 ogae
1282 299 1437 338 ptalmum

910 346 1107 387 Locavitque
1133 354 1189 378 ceu
1214 347 1359 379 alterum.

841 433 894 465 19.
911 430 973 466 Tui
997 435 1148 472 precatus
1173 440 1305 464 munere

909 481 1063 512 Nostrum
1087 482 1211 512 reatum
1237 480 1334 521 dilue,

910 527 961 559 Ne
983 528 1087 559 nostri
1111 530 1260 566 penetret
1283 527 1397 567 cleptis

911 574 1053 607 Callidus
1078 575 1180 606 sinum
1203 576 1355 615 pectoris,

838 661 893 693 20.
908 657 1092 693 Ululantem
1115 668 1171 692 ceu
1196 662 1316 692 sanasti

907 707 1028 740 Dolore
1055 709 1159 740 dentis
1184 708 1315 740 maximi

911 754 1083 793 Cujusdam
1107 759 1217 787 natum
1240 755 1408 798 principis,

907 801 961 834 Sic
983 802 1166 835 intercedas
1192 811 1251 842 pro
1276 803 1377 835 nobis.

836 884 1037 921 21.Xristus
1063 897 1122 930 per
1146 892 1178 919 te
1204 889 1380 920 custodiam

906 936 1054 968 Praestet
1078 935 1170 967 nobis
1192 935 1398 976 indefessam,

903 983 1008 1015 Pellat
1033 991 1143 1014 cursus
1169 983 1343 1023 gentilium,

907 1030 1061 1063 Similiter
1087 1032 1120 1061 et
1146 1030 1343 1063 daemonum.

834 1116 890 1148 22.
904 1112 1047 1149 Ymnum
1070 1115 1140 1147 Deo
1160 1118 1269 1147 noster
1295 1116 1409 1148 chorus

905 1163 1052 1196 Concinit
1076 1162 1139 1194 tuis
1164 1163 1298 1203 actibus,

903 1211 953 1243 Tu
977 1219 1037 1250 pro
1063 1213 1171 1242 nostro
1191 1211 1377 1249 peccamine

905 1258 1050 1290 Preceris
1078 1258 1330 1290 clementissime.

521 1346 577 1377 23.
602 1341 681 1378 Zelo
705 1344 828 1376 devicto
855 1343 972 1384 perfidi

602 1391 696 1424 Coelo
719 1393 818 1424 simus
842 1391 1051 1432 praesentati,

598 1439 649 1471 Ne
674 1441 835 1480 patiamur
858 1442 992 1479 tartara,

599 1486 663 1519 Sed
690 1487 842 1519 vehamur
865 1487 899 1519 in
924 1484 1034 1527 gloria.

216 1582 286 1610 Cod.
307 1579 433 1610 Par-isin.
455 1579 532 1609 5610
551 1581 586 1609 A.
608 1589 684 1609 saec.
707 1578 781 1609 ¹⁰l11.
804 1595 839 1600 —-
860 1579 892 1615 6,
912 1579 933 1608 4
952 1580 1042 1608 cordi.
1063 1594 1101 1598 —
1123 1577 1167 1613 18,
1189 1577 1206 1607 3
1227 1581 1370 1616 ptalmum
1389 1582 1462 1607 statt

138 1620 321 1656 ophtalmum
349 1617 553 1658 (ὀφθαλμόν).
585 1635 623 1640 -—
648 1620 722 1648 Dem
749 1620 885 1654 Hymnus
919 1618 990 1655 geht
1021 1618 1173 1655 folgendes
1202 1619 1319 1646 vorauf:
1352 1618 1463 1653 Incipit

136 1659 281 1695 praefatio
305 1658 409 1693 hymni
430 1660 525 1686 sancti
544 1658 716 1686 Winvaloei
736 1666 755 1685 a
774 1658 899 1693 collegio
920 1657 985 1689 (lies
1006 1657 1149 1693 collegat»
1176 1655 1364 1684 Clemente
1383 1665 1460 1683 com-

138 1698 238 1734 positi,
261 1705 280 1724 a
295 1696 439 1724 Kalendis
459 1696 628 1724 novembris
648 1704 743 1731 usque
764 1696 875 1731 paseha
894 1696 1049 1723 dominicis
1070 1695 1174 1722 <liebus
1195 1697 1263 1730 post
1282 1695 1459 1722 matutinum

137 1744 156 1762 a
174 1735 324 1767 fratribus,
347 1736 397 1771 qui
419 1735 481 1770 ejus
502 1734 639 1762 incolunt
657 1736 876 1766 monasterium,
898 1733 1030 1761 canendi.

1071 1733 1097 1759 A
1117 1732 1227 1768 pascha
1247 1736 1345 1760 autem
1366 1741 1459 1767 usque

137 1773 175 1802 ad
207 1774 404 1809 praescriptas
429 1772 573 1800 kalendas
600 1772 717 1807 qualem
742 1772 892 1799 voluerint
917 1771 953 1798 de
979 1771 1130 1806 rescriptis
1157 1769 1223 1806 (lies
1250 1771 1458 1806 praescriptis),

136 1821 211 1848 quos
227 1811 291 1846 jam
310 1811 406 1840 natali
427 1811 488 1847 ejus
509 1811 729 1847 coaptavimus,
750 1810 866 1845 hymnis
887 1812 1008 1842 canant,
1031 1810 1100 1845 quia
1121 1809 1306 1837 brevioribus
1327 1810 1457 1836 succine-

135 1852 226 1879 tiures
259 1851 395 1878 noctibus
427 1848 625 1887 constituendi
658 1850 727 1876 sunt
759 1856 916 1875 sermones.
961 1847 1090 1875 Hierauf
1116 1847 1191 1882 folgt
1215 1848 1281 1874 eine
1307 1845 1459 1881 poetistche

135 1889 311 1924 Einleitung
330 1889 386 1916 mit
405 1889 457 1916 der
477 1887 664 1916 Uberschrift
684 1886 883 1923 „Penta-metri
905 1883 1041 1914 versus“:

365 1946 454 1979 Ecce,
475 1947 526 1973 tuo
549 1944 713 1973 Clemens
733 1944 874 1979 hymnum
895 1945 1060 1971 construxit
1078 1943 1192 1975 honori,

405 1984 585 2012 Winvaloee
605 1983 712 2011 decens
733 1983 913 2010 attribuente
931 1981 1006 2010 Deo.

368 2022 521 2051 Literulae
539 2023 675 2058 quotiens
696 2023 767 2048 sunt
786 2023 838 2048 aut
856 2022 1001 2048 iterantur
1020 2021 1052 2047 in
1071 2021 1137 2054 isto,

402 2062 450 2089 Tu
469 2062 578 2089 totiens
598 2068 651 2096 pro
671 2068 719 2087 me
737 2058 851 2087 fundito
871 2059 964 2087 verba
983 2059 1058 2087 Deo.

364 2101 508 2137 Impretes
529 2099 602 2127 mihi
624 2106 681 2134 quo
702 2099 829 2132 veniam,
848 2106 909 2125 non
933 2097 1042 2131 desine,
1063 2099 1172 2130 sancte,

405 2138 565 2168 Clementis
585 2137 689 2165 famuli
711 2136 763 2164 sed
784 2137 924 2164 miserere
943 2137 996 2170 tui,

364 2178 515 2214 Deprecor
536 2179 625 2213 atque
644 2176 689 2203 tui
709 2177 762 2212 qui
782 2176 919 2203 constant
936 2182 1041 2210 nempe
1062 2182 1202 2211 sequaces

404 2217 455 2245 Sic
474 2217 620 2252 peragant
639 2215 744 2242 fratres
764 2213 822 2240 hoc
845 2214 878 2241 in
898 2221 997 2241 amore
1016 2213 1083 2241 Dei.

363 2255 451 2283 Nune
471 2262 588 2291 quoque
611 2254 662 2289 qui
682 2252 817 2289 relegant
834 2260 896 2279 una
916 2260 980 2279 cum
1000 2251 1150 2285 fratribus,
1173 2252 1264 2279 abbas

403 2293 591 2330 Cognoscant
610 2292 714 2320 Aelam
730 2291 861 2326 jusserit,
882 2293 917 2317 ut
935 2290 1072 2323 facerem,

362 2332 509 2368 Tempore
529 2339 587 2367 quo
609 2330 751 2358 Salomon
772 2329 908 2356 Britones
928 2329 986 2357 rite
1005 2329 1135 2366 regebat,

408 2370 576 2398 Cornubiae
595 2372 692 2396 rector
712 2375 830 2405 quoque
848 2366 907 2394 fuit
924 2366 1058 2395 Rivelen.
