1653 2637
191 223 223 255 7.
248 221 332 254 Nam
356 224 405 254 est
428 222 651 255 reconciliatus
866 225 898 256 9.
924 222 1026 256 Utin
1051 223 1138 255 coelo
1161 224 1373 264 jucundemur

291 270 322 301 A
346 271 439 309 lapsu
463 270 659 310 gravissimo,
973 268 1050 302 oum
1075 274 1255 304 sanctorum
1281 272 1422 303 coetibus

245 316 352 349 Sensit
376 318 460 350 vitae
483 317 552 350 Deo
579 318 670 349 datus
925 318 1032 357 Atque
1055 318 1158 349 Deum
1183 327 1366 351 reveremur

282 364 477 404 Theophilus
502 364 639 405 piisimo³
972 364 1050 396 Cum
1074 368 1254 397 sanctorum
1281 366 1426 398 coetibus

245 412 307 444 Per
330 411 466 444 Mariam
491 412 644 444 liberatus
923 411 968 443 Et
990 411 1023 442 in
1045 413 1117 452 ipso
1142 414 1337 453 gratulemur

290 459 342 491 Ab
368 459 459 491 hoste
482 459 683 499 nequissimo.
970 458 1068 491 Pleno
1094 459 1184 491 bonis
1209 461 1365 493 omnibus,

187 524 218 557 8.
244 524 348 566 Nunc,
375 534 392 556 o
417 526 517 565 virgo,
543 528 644 557 mater
662 524 790 566 Christi,
855 525 910 557 10.
925 524 1036 556 Gloria
1061 525 1104 556 sit
1128 525 1266 557 trinitati

295 572 385 604 Omni
410 573 505 611 plena
529 572 642 615 gratia⁷
968 572 1089 604 Laudis
1113 573 1188 611 polo
1209 573 1330 613 jugiter

247 617 303 651 Cui
326 627 451 658 semper
474 619 624 658 placuisti
925 618 1128 660 Simplaeque
1151 620 1310 652 divinitati

291 666 369 698 Cum
395 666 546 698 virtutum
571 667 683 708 gloria,
973 666 1080 699 Virtus
1106 668 1320 708 aeternaliter,

241 712 395 745 Transfer
418 722 475 746 nos
501 723 519 745 a
544 717 647 745 morte
670 715 755 746 tristi
920 714 980 753 Qui
1003 714 1128 746 Mariae
1153 715 1280 747 caritati

292 761 346 792 Ad
373 761 452 792 coeli
474 761 605 800 palatia.
971 761 1091 801 Jungat
1114 771 1171 794 nos
1196 762 1391 801 perenniter.

245 834 324 861 Orat.
357 843 410 862 ms.
437 835 548 862 Domus
573 835 677 863 Novae
701 835 790 863 Lucis
822 835 892 863 anni
921 833 1002 862 1477.
1052 834 1120 863 Ood.
1147 835 1332 871 Ultrajoeffin.
1354 837 1472 873 Seriptt.

170 871 250 899 Eccl.
278 869 342 899 375.
362 887 401 892 ν-
423 871 451 906 1,
479 871 493 899 1
513 872 615 901 Gaude
640 873 704 901 dieo
725 873 884 908 gloriosae;
912 873 960 901 die
979 873 1033 901 Hs.
1055 872 1158 900 {iudei-t
1176 874 1235 901 fast
1254 875 1312 902 alle
1330 875 1422 902 Initia
1441 883 1473 902 so

171 917 227 943 um,
242 909 305 937 dass
319 910 468 938 dieselben
480 911 535 937 mit
549 912 643 938 einem
659 911 709 938 der
723 911 900 939 Grusswortc
914 911 986 944 Ave,
1001 910 1091 944 salve,
1112 912 1215 947 gaude,
1235 913 1303 940 vale
1316 913 1471 948 beginnen.

168 946 252 974 Aucli
271 947 344 983 liegt
363 948 520 976 zweifellos
541 950 606 975 eine
626 949 835 984 stiimperhafte
853 949 1058 985 Verandemng
1076 956 1139 982 vor,
1159 950 1235 977 ohne
1255 949 1319 978 dass
1340 950 1404 977 sich
1423 950 1471 977 be-

169 986 279 1013 stimmt
304 986 450 1013 erkennen
469 986 564 1020 hesse,
592 987 648 1013 wie
668 987 719 1014 der
737 987 950 1014 unveranderte
968 987 1044 1014 Text
1062 986 1195 1022 gelantet
1212 987 1273 1014 hat.
1313 988 1474 1016 Vielleicht

168 1022 344 1050 Attollamus
370 1023 525 1058 gloriosae.
565 1023 726 1052 Jedenfalls
754 1024 898 1052 verdankt
917 1025 991 1051 auch
1019 1024 1069 1051 der
1089 1023 1227 1061 singular
1244 1026 1308 1053 dico
1330 1025 1381 1053 der
1402 1025 1471 1053 Um-

167 1060 314 1096 'imderung
334 1062 399 1089 sein
414 1062 534 1089 Dasein.
548 1075 585 1080 —-
606 1059 631 1095 5,
646 1060 664 1088 2
683 1062 899 1098 Hominemque
911 1063 992 1098 parit
1003 1062 1107 1090 Deum.
1121 1076 1158 1081 —
1178 1061 1204 1098 9,
1218 1061 1238 1090 4
1255 1064 1471 1091 versehrieben.

591 1183 638 1213 85.
671 1183 706 1214 In
729 1182 930 1223 conceptione
949 1182 1036 1214 BMV.

167 1262 198 1296 1.
224 1263 344 1306 Maria,
369 1263 459 1303 virgo
485 1264 582 1304 regia,
847 1266 880 1296 2.
905 1263 955 1295 Tu
979 1272 1036 1296 nos
1061 1265 1171 1297 avulso
1194 1266 1298 1297 veteri

226 1310 333 1342 David
358 1310 458 1350 stirpe
482 1310 659 1351 progenita,
906 1311 1094 1351 Complanta
1116 1321 1196 1345 novo
1219 1313 1362 1356 germini,

224 1357 296 1390 Non
321 1361 387 1390 tam
411 1361 546 1397 paterna
568 1357 686 1390 nobilis
905 1359 968 1390 Per
992 1361 1024 1389 te
1049 1359 1092 1390 sit
1116 1368 1213 1397 genus
1239 1360 1401 1392 hominum

224 1405 321 1444 Quam
347 1406 501 1445 dignitate
525 1405 652 1437 sobolis.
905 1405 1024 1446 Regale
1050 1407 1272 1440 sacerdotium.

594 1472 625 1505 3.
652 1471 764 1503 Gloria
786 1471 857 1512 tibi,
885 1471 1031 1505 Domine.

238 1544 329 1572 Psalt.
343 1553 395 1573 ms.
409 1546 605 1573 Monasticum
625 1554 699 1574 saec.
715 1544 758 1573 12.
781 1545 849 1574 God.
863 1546 949 1574 Arch.
965 1547 994 1575 S.
1008 1547 1089 1575 Petri
1103 1548 1132 1574 in
1147 1549 1292 1577 Vaticano
1307 1549 1334 1577 D
1353 1547 1415 1577 156.
1430 1564 1467 1568 —

163 1582 230 1619 Vgl.
249 1583 335 1611 Anal.
354 1584 407 1617 XI,
427 1582 473 1611 40.

594 1694 639 1725 86.
667 1694 702 1726 ln
725 1694 923 1735 conceptione
941 1695 1029 1727 BMV.

652 1770 701 1801 Ad
719 1771 808 1810 Vesp.
830 1775 860 1802 et
877 1772 963 1803 Noct.

402 1841 431 1873 1.
460 1840 494 1874 Si
517 1849 569 1872 res
593 1841 740 1873 miranda
766 1842 888 1875 canitur
913 1852 972 1882 per
996 1843 1115 1886 orbem,

458 1887 621 1928 Numquid
646 1897 805 1921 enormem
826 1891 1044 1930 peroredimus
1070 1901 1149 1932 eam,

459 1936 536 1968 Cum
561 1937 604 1967 sit
629 1936 746 1978 divina,
775 1941 957 1978 conceptam
982 1938 1120 1971 Mariam

506 1982 660 2014 Conceleb
664 1992 736 2015 rare
745 1982 760 2014 ‘3

400 2050 431 2080 2.
456 2048 490 2081 Si
514 2058 577 2080 non
602 2047 714 2081 fuisset
741 2053 903 2091 concepta,
930 2060 993 2083 non
1019 2056 1103 2084 esset

456 2096 542 2128 Nata
565 2096 671 2138 beata,
693 2105 774 2136 quae
796 2101 906 2130 nostra
929 2102 1063 2138 peccata

455 2143 604 2175 Redemit
628 2147 708 2183 orta,
733 2153 791 2184 per
818 2144 975 2177 Christum
1000 2150 1162 2190 assumpta

504 2190 606 2223 Carne
626 2191 783 2226 Humana.

398 2259 429 2291 3.
456 2257 528 2289 Non
555 2260 603 2290 est
625 2258 814 2297 mirandum,
841 2259 936 2292 valde
959 2260 1017 2293 sed
1040 2261 1246 2304 laudandum,

457 2306 651 2346 conceptum
675 2314 751 2339 vere
773 2307 905 2347 virginis
928 2308 1054 2340 Mariae

457 2352 697 2395 Concelebrare‚
725 2363 794 2386 cum
822 2355 967 2388 Christus
991 2357 1024 2388 in
1049 2358 1107 2389 tali

501 2400 596 2434 Stare
619 2401 760 2438 deberet.
