1653 2637
647 111 692 119 -—
744 89 909 126 234—-

533 214 597 248 414.
631 215 673 246 De
694 214 807 246 sancta
827 211 1016 253 llargareta.

681 301 731 330 Ad
750 299 878 330 Laudes.

145 409 154 418 .
179 386 316 417 Fontem
339 383 494 415 bonorum
519 381 658 413 onmium

180 432 329 464 Laudent
352 438 459 462 omnes
484 438 554 461 eum
580 427 706 468 gaudio,

182 478 229 510 Sit
252 478 402 510 mundum
428 485 483 508 eor
506 474 716 517 laudantium,

181 526 227 558 Ut
254 524 389 565 pulchra
413 525 456 556 sit
480 523 633 556 laudatio.

148 619 155 626 .
184 592 243 631 Qui
267 591 477 631 Margaritam
504 589 657 631 virginem

182 639 265 670 Fide
285 638 392 677 Junxit
415 636 622 679 Christicolis,

182 687 289 726 Ipsam
313 687 388 725 post
412 683 516 716 fusum
543 683 724 724 sanguinem

184 733 274 764 Binis
299 741 414 765 ornans
441 732 588 764 aureolis.

150 824 158 833 .
186 798 289 837 Caput
313 797 470 837 serpentis
497 797 630 829 conterit

182 845 263 885 EJ'us
289 853 404 877 cavens
429 844 599 884 subsidias,

184 893 320 933 Agnum,
343 900 528 931 quocunque
550 892 633 932 ierit,

184 940 324 979 Sequens
353 940 438 970 inter
464 938 635 972 consocias.

806 380 838 412 4.
865 379 973 421 Virgo,
999 377 1134 418 pudoris
1158 377 1270 419 lilium,

864 426 981 466 Magno
1009 425 1106 465 digna
1129 424 1312 464 praeconio,

865 474 920 505 Fit
941 482 1015 505 rosa
1038 481 1098 512 per
1122 472 1310 511 martyrium

866 521 995 552 Illustre
1019 520 1078 552 sub
1106 519 1248 559 Olybrio.

832 614 839 620 .
866 586 952 619 Rosa
976 586 1056 618 coeli
1080 586 1246 625 rosarium,

865 633 969 666 Fonte
990 635 1075 665 vitae
1100 632 1263 675 irriguum,

868 681 975 714 Intrat
999 683 1041 714 ad
1068 684 1195 713 cantum
1220 680 1325 711 avium

866 728 979 770 Jugem
1003 732 1035 760 et
1059 738 1116 761 ver
1139 730 1341 768 perpetuum.

835 823 841 829 .
869 796 894 828 O
920 795 1020 836 virgo,
1046 796 1092 826 tui
1116 802 1289 826 memorum

867 843 993 875 Memor
1020 842 1075 882 pio
1098 842 1291 883 precamine,

869 890 1012 929 Quietem
1036 889 1128 921 nobis
1154 891 1333 928 temporum

865 937 910 970 Et
934 937 1014 969 coeli
1038 945 1169 977 regnum
1194 936 1311 969 obtine.

490 1007 521 1037 7.
548 1006 632 1038 Laus
653 1005 733 1045 Deo,
759 1006 813 1044 qui
838 1004 1037 1036 vincentibus

547 1052 669 1085 Manna
690 1050 815 1084 confert
839 1052 1069 1091 absconditum,

548 1101 638 1138 Quod
664 1100 755 1132 nobis
783 1100 838 1131 det
861 1098 1064 1139 poscentibus

544 1148 607 1180 Per
631 1147 836 1187 Margaretae
858 1145 1016 1179 meritum.

202 1240 305 1268 Dium.
338 1248 391 1267 ms.
416 1240 628 1268 Mechliniense
661 1248 736 1268 saec.
764 1237 807 1267 15.
856 1240 924 1268 Cocl.
950 1239 1085 1267 Archivii
1113 1239 1281 1267 Gandaven.
1311 1236 1373 1266 100.

128 1279 232 1305 Diurn.
255 1287 309 1306 ms.
332 1278 594 1306 Windeshemense
613 1287 688 1306 saec.
711 1276 755 1306 15.
797 1278 866 1305 Cod.
886 1277 1064 1306 Bollandian
1086 1286 1109 1306 s.
1130 1286 1158 1304 n.
1178 1277 1212 1305 Β.

542 1435 605 1467 415.
634 1435 678 1467 De
698 1436 808 1467 saneta
829 1436 1022 1475 llargareta.

155 1554 162 1560 .
188 1527 276 1565 Jesu,
301 1526 412 1563 pastor
436 1523 588 1566 piissime,

187 1572 265 1604 Flos
292 1574 324 1603 et
350 1571 445 1603 decus
472 1571 634 1610 ecclesiae,

189 1619 320 1651 Festum
346 1619 484 1650 colentes
509 1617 619 1650 refove

192 1667 232 1699 In
255 1667 460 1706 Margaretae
483 1666 619 1697 nomine.

155 1759 162 1767 .
190 1734 276 1773 Quae
297 1731 392 1764 hodie
417 1730 524 1764 felicia

192 1780 280 1812 Coeli
304 1779 386 1818 petit
409 1780 531 1820 palatia

189 1827 367 1866 Mundique
390 1835 545 1867 spernens
569 1826 686 1867 gaudia

194 1874 285 1906 Vitae
310 1874 451 1915 suscepit
475 1875 626 1914 praemia.

159 1968 166 1974 .
192 1940 276 1972 Nam
299 1940 407 1972 sobria
430 1940 510 1972 haec
534 1940 657 1972 ebrium

192 1987 362 2028 Superavit
386 1987 561 2029 Olybrium,

195 2034 290 2067 Casta
315 2034 471 2067 incestum
495 2035 627 2074 respuit,

194 2081 262 2113 Deo
288 2090 323 2113 se
347 2091 495 2122 sponsam
521 2082 661 2113 eontulit.

160 2174 167 2181 .
193 2147 283 2180 Haeo
307 2147 340 2179 in
364 2148 481 2179 mundo
506 2146 623 2188 floruit,

199 2195 263 2227 Sed
289 2194 356 2235 ejus
379 2192 437 2226 fios
459 2203 522 2226 non
546 2194 691 2235 marcuit,

193 2243 367 2282 'Palemque
391 2250 426 2273 se
451 2241 605 2282 exhibuit,

194 2290 325 2330 Qualem
348 2289 417 2322 Deo
443 2289 619 2321 condecuit.

814 1524 845 1556 5.
872 1523 896 1556 O
923 1532 1016 1564 quam
1043 1523 1145 1556 dulcis
1170 1524 1309 1555 melodia

872 1570 1040 1610 Peragitur
1068 1571 1102 1602 in
1127 1571 1267 1611 aethera,

874 1617 951 1651 Cum
975 1617 1067 1658 virgo
1093 1618 1308 1650 sacratissima

873 1664 963 1698 Coeli
987 1666 1126 1705 pulsavit
1151 1666 1242 1698 ostia,

839 1756 847 1765 .
873 1730 955 1763 Nam
979 1732 1055 1763 huic
1078 1734 1187 1764 tantae
1211 1731 1326 1772 virgini

874 1778 990 1812 Omnes
1015 1783 1185 1811 occurrunt,
1209 1780 1323 1819 angeli,

873 1825 1029 1866 Jesusque
1056 1835 1191 1866 sponsus
1214 1827 1345 1859 inclitus

874 1873 966 1906 Hane
990 1874 1190 1914 amplexatur
1214 1874 1374 1907 blandius.

838 1964 847 1972 .
873 1939 968 1972 Felix
991 1941 1070 1972 haec
1094 1941 1182 1980 virgo
1210 1940 1336 1982 dieitur,

875 1988 961 2026 Quae
985 1988 1043 2020 tali
1066 1996 1183 2027 sponso
1204 1988 1360 2029 jungitur,

875 2035 913 2066 In
938 2043 998 2075 quo
1024 2044 1087 2067 non
1113 2037 1161 2066 est
1183 2036 1317 2067 mutatio

874 2080 944 2113 Nee
970 2082 1047 2113 vicis
1073 2082 1284 2115 obumbratio.

843 2174 850 2180 .
878 2148 1004 2180 Summo
1029 2149 1116 2188 patri
1140 2149 1183 2180 sit
1206 2149 1309 2189 gloria

877 2195 940 2227 Per
964 2195 1089 2227 infinita
1113 2196 1243 2228 saecula

878 2241 1022 2282 Ejusque
1048 2244 1143 2275 decus
1167 2243 1234 2276 filio

879 2289 957 2323 Cum
982 2290 1100 2330 spiritu
1121 2292 1289 2332 paraclito.

211 2376 315 2403 Diurn.
335 2383 390 2403 ms.
410 2373 672 2403 Windeshemense
695 2382 771 2402 saec.
793 2371 837 2402 15.
880 2373 952 2401 Οοᾶ.
971 2374 1158 2404 Bonanffian.
1179 2386 1202 2405 s.
1223 2387 1252 2405 n.
