1653 2637
669 65 926 99 *148—

144 168 177 200 3.
203 164 288 196 Tusa
314 162 506 195 Graecorum
531 162 664 201 pectora
830 161 860 192 5.
888 159 981 192 Felix
1007 162 1041 190 tu
1065 159 1177 198 gaude.¹
1204 158 1404 199 Lugdunum,

201 211 298 244 Sacro
324 210 452 243 reduxit
475 207 601 240 flamine
887 206 983 239 Tanti
1007 205 1108 246 patris
1133 206 1324 245 praesentia,

209 258 330 298 Quique
352 264 505 297 sprevere
529 255 648 299 littora,
891 253 951 292 Qui
976 252 1036 285 tibi
1059 253 1178 284 trinum
1204 254 1236 284 et
1257 261 1353 284 unum

208 305 327 338 Christi
351 313 428 344 quos
455 303 530 335 emit
553 303 714 344 sanguine.
891 300 956 333 Sua
978 301 1135 332 monstrat
1157 300 1333 333 clementia.

148 366 180 398 4.
207 363 340 396 Electus
363 361 448 393 bona
470 363 605 393 ventura
833 359 864 391 6.
887 358 958 389 Tua
980 365 1048 400 1105,
1075 359 1167 396 pater
1192 355 1356 398 luminum,

205 410 292 443 Miro
318 409 416 449 gessit.
440 409 552 451 omine,
892 405 977 437 Nate
1001 407 1151 436 aeternae
1176 404 1308 444 gloriae,

205 457 306 490 Funis
331 457 466 488 laetetur
492 455 635 487 cinctura
893 452 1115 491 Paracliteque
1138 451 1312 494 numinum,

210 504 308 538 Plebs
332 504 396 536 alto
419 511 531 542 pressa
550 502 686 535 nomine.
893 500 1044 539 Adjunge
1068 502 1142 532 tuae
1164 498 1294 539 gratiae.

225 569 308 597 BreV.
333 568 496 595 Romanum
524 568 593 602 imp.
618 566 752 594 Veneriis
782 562 863 593 1513.
890 580 926 584 —
958 564 1035 599 „Sub
1066 566 1152 592 tono:
1190 563 1292 591 Proles
1317 562 1353 590 tle
1378 564 1458 592 coelo

151 604 286 644 prodiit.“
307 621 346 627 ν-
366 604 392 640 1,
410 603 430 633 4
450 605 599 633 Οοιιῐιεκίῖ.
620 618 657 623 -
681 603 708 637 6,
732 602 748 631 1
768 604 835 638 Qua.
853 610 909 630 nos
927 605 1021 639 pater.

576 686 642 718 246.
674 686 718 716 De
738 686 845 717 sancto
866 683 1033 716 Bonifatio.

343 749 376 782 1.
402 748 548 781 Sinceros
571 747 692 779 animos
716 745 801 778 festa
823 744 966 777 celebria

399 794 530 827 Ducunt
552 796 587 826 in
607 794 743 834 jubilum
767 793 808 825 de
831 800 910 825 nece
932 794 1119 831 martyrum,

401 844 485 882 Quos
509 841 588 873 haec
612 841 686 873 aula
710 839 798 873 fovet.
821 839 957 880 pulchra
980 838 1064 877 sinu,
1090 838 1212 870 eoelum

453 889 559 927 Gingit
581 888 711 920 luminis
735 887 866 920 ambitu.

345 948 377 978 2.
403 945 428 977 O
453 944 529 976 olari
553 952 713 985 procereS,
742 943 837 983 digna
860 942 935 983 polo
959 950 1081 986 manus,

403 991 536 1023 Devotis
561 989 689 1022 famulis
712 998 770 1023 vos
797 989 871 1021 date
894 997 1068 1030 prosperos

402 1037 502 1070 Vobis
525 1037 674 1078 propitiis
698 1046 761 1069 non
784 1039 893 1068 manet
915 1036 1004 1078 ultio,

449 1084 519 1117 Nee
538 1085 639 1124 judex
662 1082 759 1116 feriet
782 1091 863 1115 reos.

345 1143 375 1175 3.
402 1141 462 1181 Da,
488 1140 578 1174 verbi
602 1139 734 1181 genitor,
763 1140 812 1178 da,
838 1139 941 1179 patiis
965 1139 1067 1181 unice,

403 1188 465 1230 Da,
492 1187 545 1228 qui
569 1190 601 1218 te
625 1187 808 1227 reclamant,
836 1189 945 1219 sancte
968 1187 1132 1226 paraclite,

407 1234 532 1267 Gaudia
557 1234 704 1266 continua
728 1233 925 1273 supplicibus
949 1234 1012 1265 tuis

452 1282 516 1314 Per
539 1281 688 1321 suffragia
711 1283 897 1321 martyrum.

232 1346 340 1381 Hymn.
369 1354 423 1373 ms.
450 1345 621 1381 Campensis
651 1347 722 1372 anni
756 1342 837 1372 1462.
886 1345 956 1373 God.
980 1345 1198 1373 Darmstadien.
1225 1342 1289 1373 521.
1318 1359 1355 1364 —-
1383 1341 1412 1378 1,
1446 1342 1464 1372 3

157 1385 288 1420 pulchro.
315 1399 352 1403 --
379 1381 410 1417 1,
437 1381 457 1409 4
474 1382 587 1410 Fehlen
613 1384 685 1410 zwei
705 1382 820 1415 silbam
848 1384 941 1419 cingit
967 1384 1095 1419 erg'anzt.
1119 1398 1158 1403 —-
1176 1381 1210 1416 2,
1238 1380 1257 1409 2
1276 1382 1374 1410 fehlen
1393 1384 1465 1409 zwei

159 1422 273 1456 Sflbem
300 1421 367 1448 date
393 1421 526 1456 ergitnz&
553 1428 717 1457 prosperas.
745 1435 782 1440 —-
809 1421 894 1449 Nach
920 1419 951 1454 1,
977 1418 995 1448 3
1020 1422 1063 1448 ist
1091 1420 1303 1452 anzunehrnen,
1331 1420 1395 1448 dass
1415 1420 1466 1447 der

158 1460 289 1496 Hymnus
320 1467 373 1486 aus
401 1458 496 1486 Fulda
522 1460 659 1493 stamme3
684 1458 763 1485 daun
784 1458 846 1494 legt
871 1458 934 1486 sich
959 1458 1010 1486 der
1037 1458 1177 1486 Gedanke
1204 1466 1242 1485 an
1267 1458 1392 1486 Rhaban
1420 1458 1465 1485 als

160 1498 312 1526 Verfasser
328 1496 412 1523 nahe.

597 1549 662 1580 247.
693 1550 736 1580 De
754 1550 861 1580 saneto
881 1547 1047 1581 Bonifatio.

702 1606 751 1636 Ad
768 1606 926 1643 Vesperas.

161 1668 193 1699 1.
217 1664 397 1698 Bonifatius
423 1668 471 1697 est.
495 1667 583 1697 ortus
844 1667 876 1700 2,
904 1666 963 1704 Qui
988 1666 1101 1698 missus
1127 1676 1146 1698 a
1171 1666 1325 1708 Gregorio

264 1713 316 1745 De
337 1713 513 1753 Anglorum
537 1713 686 1757 germine,
950 1713 990 1745 ad
1018 1716 1119 1745 terras
1146 1712 1344 1755 Germaniae,

218 1761 382 1792 Educatus
409 1768 447 1793 ex
471 1769 656 1801 magnorum
901 1761 1096 1793 Praedicans
1121 1770 1234 1793 nomen
1257 1761 1395 1806 Domini,

266 1807 366 1840 nobili
389 1808 550 1848 progenie,
950 1817 1031 1839 novo
1055 1809 1165 1840 lucens
1188 1809 1317 1850 lumine,

219 1855 429 1887 Praedicator
451 1855 596 1887 veritatis
902 1855 961 1888 His
989 1855 1158 1887 ostendens
1184 1856 1353 1887 salutarem

270 1905 303 1934 et
329 1902 439 1934 doctor
463 1902 624 1935 ecclesiae.
950 1900 1089 1933 fructum
1110 1902 1336 1941 poenitentiae.

523 1960 554 1991 3.
581 1957 685 1997 Hujus
711 1956 826 1989 festum
852 1957 1046 1990 celebremus

629 2005 756 2046 hymno,
786 2006 888 2045 cantu,
911 2004 1025 2045 jubilo,

579 2050 627 2084 Ut
652 2059 722 2081 cum
744 2050 813 2091 ipso
839 2059 1063 2091 conregnemus

627 2098 661 2129 in
683 2099 811 2129 aeterno
836 2098 960 2141 gaudio,

582 2144 649 2178 Ubi
673 2144 784 2184 honor,
809 2144 910 2177 virtus
935 2144 1005 2177 Deo

632 2193 736 2223 exstat.
760 2192 829 2224 sine
852 2192 997 2226 termino.

239 2258 343 2286 Diurn.
375 2265 428 2284 ms.
454 2257 660 2293 Maguntinum
690 2265 765 2285 saec.
795 2255 838 2285 15.
885 2256 953 2285 cod.
981 2257 1075 2294 Capit.
1102 2259 1253 2287 Treviren.
1284 2258 1346 2289 196.
1373 2260 1408 2288 A.
1435 2276 1473 2281 —-

163 2297 249 2325 Lrev.
277 2295 483 2340 lifiaguntinum
508 2295 578 2332 imp.
605 2304 628 2323 s.
655 2294 674 2323 1.
702 2298 739 2324 et.
767 2304 792 2324 a.
817 2294 921 2332 (1474).
939 2295 973 2323 B.
1003 2311 1040 2316 ψ
1066 2296 1149 2325 BreV.
1171 2297 1378 2335 Maguntinum
1402 2301 1472 2337 imp.

163 2334 298 2373 Bugdum
319 2331 401 2363 1507.
421 2333 455 2362 Ο.
