1653 2637
679 124 940 160 —113—

576 221 639 253 182.
668 223 711 254 De
730 223 839 254 saneto
859 223 1034 255 Ambrosio.

156 298 186 332 1.
215 299 413 339 Agnoscat
438 307 546 331 omne
563 301 776 339 saeculum,
838 303 869 335 5.
897 301 1046 333 Omnes
1072 303 1247 341 superni
1274 305 1449 336 ordines

211 345 417 384 Splendentis
445 345 529 378 vitae
554 348 716 385 speculum
894 348 1105 388 Angelicique
1130 350 1277 380 cardines

209 392 295 424 Coeli
321 391 496 431 sumpsisse
523 392 641 435 bravia,
894 394 1103 434 congaudent
1129 396 1169 427 de
1193 395 1353 435 pontifice,

203 437 573 471 AeternaChristi
590 448 771 473 munera.
892 440 1064 473 Summae
1089 440 1193 473 Deus
1218 441 1459 475 clementia'e.

149 495 182 529 2.
207 494 271 534 My
286 495 467 526 sterium
494 495 713 528 ecclesiae
832 499 863 530 6.
890 496 1045 529 Sancte
1070 496 1148 528 Dei
1173 498 1381 537 pretiose,

202 542 354 575 Sermone
380 541 578 582 quadrifarie
890 543 1071 585 Martyrum
1097 544 1251 584 reliquiae

200 589 361 622 Enucleat
384 590 438 631 qui
462 590 578 630 pistico
887 591 1077 624 Translatae
1102 595 1177 623 sunt
1200 601 1220 624 a
1242 593 1401 633 praesule,

197 638 254 670 Ex
281 646 398 670 more
424 637 543 670 docti
568 639 763 679 mystico.
884 639 1073 672 Aeterne
1099 648 1174 671 rex
1199 639 1433 673 altissime.

140 696 171 729 3.
198 695 334 727 Beata
357 694 480 728 nobis
507 695 663 736 gaudia
826 698 857 731 7.
884 695 973 729 Jam
999 696 1111 729 lucis
1138 700 1234 729 orto
1265 697 1412 730 sidere

200 742 388 775 AmMosius
413 743 447 774 in
472 743 578 783 patria
881 744 1051 777 Ambrosio
1077 743 1211 777 mirifice

198 790 334 830 Scripsit
357 800 417 830 per
444 790 531 823 dicta
555 791 691 833 mellica,
880 792 996 833 Figent
1022 790 1061 837 (Ξ)
1088 792 1179 833 signa
1203 792 1345 833 prodigii

195 838 411 871 Exsultet
435 839 532 871 aula
558 839 732 873 coelica.
883 840 1053 873 Clarum
1075 840 1203 872 decus
1229 840 1412 881 jejunii.

137 896 169 929 4.
196 895 283 928 Rex
299 894 491 938 Christe,
517 895 660 928 factor
681 906 762 929 om·
823 899 854 931 8.
882 896 1058 930 Vexilla
1077 898 1192 938 regis
1210 898 1374 938 prodeu
1391 900 1453 942 nt,

537 943 666 983 nium,
884 944 947 977 Hic
970 953 1057 977 esum
1083 948 1167 976 artes
1195 943 1234 989 (ἔ)
1259 945 1396 977 subeunt

196 990 336 1030 Implens
361 988 435 1021 favo
460 992 639 1022 examinum
881 992 1068 1024 Ambrosius
1092 991 1189 1024 fidem
1214 991 1356 1033 roborat,

197 1038 240 1070 Os
264 1037 358 1077 hujus
382 1037 417 1068 in
439 1037 603 1070 cunabulis
883 1039 969 1071 Vox
983 1039 1117 1080 clara,
1136 1039 1452 1078 ecce‚intonat.

195 1085 343 1118 Somno
363 1082 553 1119 refectis
575 1085 761 1117 artubus.

416 1141 447 1173 9.
476 1141 692 1181 Splendor
717 1143 925 1182 paternae
950 1141 1137 1185 gloriae,

466 1189 572 1221 Tuere
595 1198 653 1221 nos
680 1197 750 1221 cum
774 1187 902 1221 flamine

466 1237 514 1269 Ob
540 1237 718 1277 praesulem
745 1236 961 1276 Ambrosium7

465 1285 583 1323 Jesu,
610 1285 861 1324 redemptor
886 1284 1074 1317 omnium,

214 1368 296 1398 Offic.
318 1378 370 1397 ms.
391 1370 567 1406 Augustana
586 1377 662 1397 saec.
686 1368 728 1397 15.
773 1369 843 1397 Cod.
865 1368 1033 1404 Sangallen.
1055 1365 1119 1396 386.

541 1508 603 1541 183.
633 1509 677 1541 De
693 1517 717 1541 s.
738 1509 864 1541 Andrea
882 1508 1045 1549 Episcopo.

634 1586 683 1616 Ad
703 1586 792 1624 Vesp.
814 1590 844 1616 et
862 1586 949 1617 Noct.

398 1657 430 1691 1.
457 1657 604 1690 Gaudeat
628 1665 762 1698 magnae
787 1656 950 1697 genitricis
976 1656 1068 1695 ordo,

460 1705 570 1738 Turba
596 1703 735 1737 Carmeli
757 1704 942 1737 veneranda
965 1705 1087 1744 magnis

463 1752 626 1785 Laudibus
652 1762 812 1793 nunquam
836 1760 987 1785 resonare
1012 1753 1115 1783 cesset

554 1801 654 1834 Omne
678 1809 737 1840 per
762 1809 883 1832 aevum.

401 1859 432 1892 2.
459 1858 556 1899 Ecce,
584 1856 747 1890 confessor
771 1857 983 1890 celebrandus
1009 1855 1094 1888 omni

463 1905 597 1938 Saeculo
623 1905 725 1946 nobis,
752 1906 917 1945 genitricis
943 1905 1047 1936 almae

459 1954 610 1988 Vestibus
636 1954 736 1987 sacris
761 1953 909 1986 humeros
935 1953 1079 1993 amictus,

554 2001 686 2036 Ordinis
711 2003 831 2034 auctor.

400 2062 430 2095 3.
456 2060 551 2105 Ecce,
580 2059 719 2093 Carmeli
743 2058 842 2091 micat
867 2059 951 2091 alma
975 2057 1083 2097 proles

459 2109 602 2141 Patriam
627 2107 736 2140 multis
761 2107 865 2139 titulis
890 2107 1062 2138 honestans

455 2157 501 2191 Et
525 2157 590 2189 suis
616 2164 734 2196 augens
759 2155 884 2188 meritis
910 2154 1063 2186 honorem

555 2203 744 2245 Religionis.

397 2266 429 2298 4.
455 2263 520 2296 Hic
544 2261 607 2295 fuit
631 2260 736 2302 fortis,
763 2260 890 2300 patiens
918 2262 950 2290 et
970 2259 1053 2291 omni

455 2312 586 2352 Integer
612 2310 688 2350 vita,
715 2309 836 2349 pietate
859 2306 998 2347 fervens,

461 2361 644 2400 Pauperum
670 2359 786 2396 custos,
812 2354 938 2387 miseris
963 2354 1129 2395 benignuS‚

556 2406 644 2440 Juris
669 2405 805 2438 amator.

186 2471 312 2496 Dreves.
328 2467 418 2497 Hymni
430 2465 528 2490 Inediti.
558 2465 588 2489 Π.
