1653 2637
717 113 977 149 ——295-

186 208 217 240 9.
243 207 332 241 Voce
356 208 450 250 lapsa
477 210 630 243 divinitus
878 214 931 247 10.
946 212 1054 246 Sancti
1082 212 1236 253 deposcat
1259 211 1375 246 merita

245 255 356 289 Sodali
385 258 481 291 datur
505 259 620 303 socius,
933 261 1039 302 HuJus
1063 265 1167 294 mater
1191 258 1336 300 ecclesia,

243 303 352 336 Rubet
375 306 409 337 in
434 306 547 338 mortis
571 307 688 340 ictibus
934 308 979 341 Ut
1003 309 1155 348 impetret
1179 309 1213 341 in
1238 310 1341 349 gloria

244 351 447 385 Bellator
471 355 599 386 armis
620 355 814 389 inclitus.
935 357 1072 389 Beata
1096 356 1221 389 nobis
1247 357 1417 397 gaudia.

552 412 607 444 11.
634 411 763 444 Summa
786 416 822 444 tu
846 413 938 445 nobis
964 414 1081 446 caritas

637 460 746 498 Adsis,
775 460 885 492 divina
910 460 1023 501 deitas,

636 506 673 539 1n
698 509 810 539 mortis
835 516 949 550 poena,
973 509 1087 549 pietas,

637 554 662 587 Ο
687 555 761 586 lux
785 555 805 587 b
817 559 912 587 eata
935 556 1129 589 trinitas.

263 627 347 654 Brev.
376 636 429 655 ms.
456 628 708 657 Wilhelmitarum
734 638 810 658 saec.
833 628 876 657 15.
919 629 988 658 Cod.
1019 631 1226 659 Garolsruhan.
1254 630 1298 658 Bl.
1329 628 1373 658 16.
1405 631 1440 657 A.
1467 644 1505 649 --

186 663 271 691 Brev.
298 673 354 692 ms.
384 666 525 694 Curiense
549 675 626 695 saec.
647 665 691 695 15.
740 667 808 696 Cod.
836 668 922 696 Arch.
948 667 1117 696 Sanoeallen.
1144 669 1299 697 Fabarien.
1326 669 1378 696 IX.
1407 671 1441 696 B.
1469 682 1505 687 ——

185 699 212 735 2,
233 699 252 729 3
273 704 458 731 eremicolam
480 706 512 731 B.
532 718 570 724 ——
590 703 617 739 3,
638 702 656 732 3
676 708 835 734 transferat
850 706 884 734 B.
904 722 941 726 ——-
962 705 987 740 5,
1009 693 1159 734 {Fratres
1180 708 1311 741 privatur
1325 708 1358 734 Β.
1378 721 1415 725 -—
1436 705 1463 740 5,
1487 705 1505 734 3

187 740 282 773 Quam
302 741 335 768 B.
358 756 393 761 —
414 742 498 769 Nach
520 742 578 770 Str.
598 742 616 771 5
638 743 754 771 Divisio
776 745 810 772 A.

619 865 687 897 525.
717 865 761 896 De
785 867 892 897 sancto
913 865 1088 897 Wiihelmo.

691 933 741 962 Ad
762 933 999 970 Completorium.

188 998 217 1030 1.
246 999 300 1031 Ad
327 1007 456 1032 coenam
482 1000 556 1041 agni
580 1003 708 1041 providi
874 1004 907 1035 4.
935 1001 1105 1042 Consurgit
1131 1002 1195 1034 dux
1221 1002 1368 1033 contiuuo

244 1047 453 1079 Bernhardus
480 1048 567 1080 venit
592 1048 719 1088 fervidi,
932 1049 983 1081 De
1008 1049 1155 1081 vitiorum
1180 1049 1300 1081 tumulo

243 1093 390 1126 Fulcitus
414 1104 488 1127 rore
511 1093 659 1138 flaminis,
931 1096 977 1128 Et
1000 1105 1147 1128 remeans
1173 1097 1215 1129 ad
1240 1096 1383 1136 propria,

247 1141 360 1174 Totius
386 1151 501 1182 expers
528 1144 680 1179 criminis.
935 1143 1021 1182 Quae
1046 1144 1170 1184 sprevit
1193 1147 1289 1183 atque
1313 1144 1441 1183 gaudia.

186 1199 217 1231 2.
247 1198 344 1237 Cujus
370 1208 485 1239 corpus
510 1201 746 1233 sanctissimum
875 1204 908 1235 5.
936 1201 961 1233 Ο
990 1209 1064 1233 vere
1090 1202 1185 1241 digua
1210 1201 1324 1239 hostia,

246 1247 386 1278 patenae
410 1249 650 1289 superpositum
933 1248 1004 1281 Tua
1028 1248 1162 1289 replesti
1185 1248 1290 1289 gratia

247 1293 414 1326 Wilhelmi
438 1296 525 1328 vires
549 1296 672 1328 comitis
934 1296 1030 1328 Hunc
1054 1299 1197 1328 sanctum
1224 1295 1435 1335 eremicolam,

244 1341 410 1374 Permutat
435 1343 519 1376 sacri
544 1345 694 1376 muneris.
934 1344 1013 1377 Cum
1038 1344 1127 1376 venit
1151 1342 1394 1384 Jerosolymam.

186 1399 217 1432 3.
243 1400 308 1432 Pro
333 1400 411 1431 tecti
437 1401 519 1432 dono
540 1399 673 1433 fulmine
876 1403 906 1434 6.
932 1402 1136 1440 Quaesumus.
1163 1403 1274 1432 auctor
1299 1399 1448 1431 omnium.

245 1447 287 1480 Ut
314 1447 448 1480 Paulum
473 1450 589 1482 stravit
613 1450 736 1489 gratiae
932 1448 1034 1480 Nobis
1063 1452 1228 1480 aeternum
1253 1447 1402 1487 gaudium

244 1495 385 1527 Paterna
410 1504 472 1528 vox
495 1497 700 1537 intrinsecus,
934 1495 979 1528 Ut
1002 1496 1095 1534 hujus
1118 1495 1222 1527 sancti
1247 1495 1369 1526 meritis

241 1542 403 1574 Terrenus
425 1543 492 1582 jam
515 1542 553 1576 fit
578 1543 725 1577 coelicus.
932 1544 1011 1576 Tuis
1038 1543 1195 1576 concedas
1220 1541 1359 1574 famulis.

591 1603 622 1634 7.
649 1601 762 1634 Gloria
785 1601 855 1642 tibi,
879 1601 1025 1633 Domine.

261 1674 345 1700 BreV.
365 1683 420 1701 ms.
441 1674 693 1703 Wilhelmitarum
712 1683 789 1703 saec.
813 1674 858 1703 15.
899 1675 968 1703 Cod.
990 1675 1198 1703 Carolsruhan.
1219 1674 1264 1701 Bl.
1287 1672 1331 1702 16.

613 1786 680 1818 526.
709 1786 754 1817 De
776 1788 882 1818 sancto
902 1784 1090 1817 willehado.

185 1856 216 1888 1.
245 1856 373 1889 Gaudet
403 1860 511 1889 coetus
537 1858 721 1898 augelorum
877 1859 909 1891 4.
935 1857 1163 1897 Apostolorum
1191 1864 1370 1896 comparem

295 1903 473 1937 Willehadi
498 1907 692 1945 praesentia,
985 1906 1069 1936 hunc
1092 1906 1204 1936 nostra
1228 1904 1313 1935 canit
1338 1903 1458 1941 concio,

243 1953 343 1991 Quem
367 1954 429 1986 hac
456 1954 508 1986 die
532 1963 590 1986 rex
616 1955 777 1986 coelorum
935 1954 998 1986 Pcr
1023 1962 1116 1992 quem
1143 1953 1227 1983 vitae
1251 1952 1307 1984 lux
1334 1951 1441 1983 illuxit

296 2001 379 2034 ditat
403 2002 538 2042 perenni
562 2002 674 2042 gloria.
983 2000 1193 2033 barbarorum
1219 1999 1389 2039 ergastulo.

183 2060 215 2091 2.
244 2058 449 2092 Gaudeamus
471 2060 533 2092 hoc
556 2062 704 2102 patrono,
878 2061 908 2093 5.
933 2058 996 2099 Eja
1021 2058 1160 2100 praesul,
1186 2057 1255 2089 Deo
1283 2057 1386 2096 digne,

296 2117 389 2148 quem
414 2108 448 2140 in
474 2108 536 2140 Dei
559 2108 722 2149 potentias
982 2110 1016 2138 te
1042 2105 1260 2138 collaudantes
1285 2104 1421 2144 respice,

242 2155 398 2189 Introisse
423 2156 621 2196 gratulamur
935 2154 1022 2187 Audi
1048 2162 1171 2195 preceS‚
1198 2162 1216 2185 o
1242 2152 1380 2192 benigne

290 2204 332 2236 ad
357 2208 504 2237 aeternas
532 2204 675 2237 delicias.
983 2202 1195 2244 supplicantis
1221 2199 1374 2233 familiae.

184 2262 214 2294 3.
241 2262 362 2295 Demus
387 2264 498 2302 meloS,
525 2262 741 2305 hymnizemus
877 2263 908 2295 6.
933 2260 1018 2292 Vere
1045 2261 1199 2292 virtutum
1225 2259 1363 2291 omnium

289 2313 379 2342 tauto
404 2311 493 2351 patri
518 2319 589 2343 cum
610 2311 725 2351 jubilo,
983 2307 1126 2348 fraglans
1152 2308 1252 2340 odore
1273 2305 1394 2346 jugiter

243 2357 304 2397 Qui
330 2358 496 2391 doctrinae
518 2359 672 2391 salutaris
934 2356 1123 2389 Aestuaudo
1147 2355 1321 2387 anhelabas

290 2414 349 2438 nos
372 2407 463 2446 prius
487 2410 580 2447 potat
605 2407 732 2447 poculo.
984 2404 1111 2437 Christo
1134 2403 1226 2443 jungi
1251 2402 1445 2443 perenniter.
