1653 2637
712 88 948 123 .-10-„

573 186 603 220 5.
630 185 743 218 Honor
766 184 872 217 laudis
897 183 1069 225 angelicae,

630 231 742 266 Gloria
767 235 798 265 et
822 232 891 264 laus
917 233 1048 265 aeterna

633 281 683 313 Sit
705 280 842 312 trinitati
867 279 979 311 unicae

631 328 694 361 Per
718 328 845 360 saecula
869 326 1072 367 sempiterna,

248 406 352 435 Diurn,
379 414 430 432 ms.
451 404 597 432 Fuldense
621 412 697 432 saec,
726 401 768 431 15.
810 402 878 431 Cod.
900 401 1021 430 Fulden.
1053 402 1098 429 Aa
1117 399 1162 430 87.
1184 402 1218 430 A.
1241 415 1276 420 ——
1294 400 1414 437 Antiph.
1434 410 1486 429 ms.

171 445 288 472 Veteris
314 444 487 471 Monasterii
512 450 587 470 saec.
617 440 661 469 15.
704 440 771 469 cod.
793 441 957 475 Magvuntin.
986 438 1048 468 138.
1068 441 1102 467 Β.
1129 455 1166 460 -
1185 441 1271 468 BreV.
1297 448 1350 467 ms.
1370 439 1487 467 Veteris

170 483 346 510 Monastcrii
367 490 443 509 saec.
466 479 510 508 16.
551 479 620 508 Coti.
640 480 805 515 Maguntin.
826 476 872 506 96.
894 478 924 506 G.

657 598 685 630 3.
707 598 752 631 De
772 607 812 630 ss.
833 598 999 630 Trinitate.

699 676 733 707 In
754 676 780 706 2.
801 676 950 715 Vesperis.

862 749 894 779 4.
920 746 983 777 Per
1007 745 1106 777 solam
1131 745 1194 777 vim
1221 745 1350 785 originis

920 792 1062 825 Naturae
1084 791 1123 825 fit
1147 793 1332 830 communio,

178 748 208 781 1.
235 748 395 779 Aeternae
418 747 498 778 lucis
525 746 653 778 claritas

236 795 303 827 Nos
328 794 430 827 tribus
457 803 572 826 ornans
596 793 718 825 viribus

234 842 405 885 Monstrat,
432 841 515 881 quod
535 849 666 873 causans
684 841 802 873 veritas
919 840 1079 872 Nativitas
1104 839 1260 880 imaginis,

235 889 335 921 Trina
359 889 402 921 sit
423 888 657 929 hypostasibus,
920 887 1108 928 Spiraminis
1130 888 1302 928 processio.

180 948 213 979 2.
239 946 348 978 Trium
373 955 437 978 una
461 946 536 977 <lum
561 946 718 977 cernimus
863 947 894 978 5.
919 944 1017 983 Quam
1043 942 1121 977 felix
1144 945 1241 976 trium
1263 944 1380 976 caritas

236 994 383 1035 Signatos
407 1001 464 1025 nos
488 993 635 1034 imagine,
919 992 993 1025 Uno
1016 1000 1052 1023 se
1075 990 1185 1023 fruens
1210 991 1334 1033 gaudio,

238 1041 342 1074 Unam
367 1041 462 1072 trium
489 1041 683 1072 advertimus
919 1038 1000 1078 Quia
1022 1048 1084 1071 non
1111 1040 1160 1070 est
1180 1038 1364 1078 jucunditas

235 1088 354 1121 Lucem
379 1088 413 1119 in
439 1088 522 1119 trino
546 1088 673 1120 lumine.
919 1085 1069 1120 Perfecta
1090 1086 1243 1118 solitario.

179 1147 210 1178 3.
237 1145 343 1178 Patris
368 1152 403 1176 se
426 1152 514 1176 mens
539 1143 719 1184 intelligens
863 1145 893 1178 6.
919 1142 1065 1175 Laudum
1093 1142 1179 1174 clara
1203 1143 1376 1181 praeconia

236 1192 346 1224 Ortum
374 1192 427 1223 dat
451 1191 612 1231 unigenito
920 1190 989 1223 Sint
1015 1190 1150 1221 trinitati
1174 1189 1323 1232 simplici,

236 1239 415 1279 Natamque
439 1238 560 1278 prolem
588 1238 722 1278 diligens
918 1237 1047 1277 Ipsique
1071 1245 1128 1269 nos
1152 1246 1212 1276 per
1236 1238 1341 1269 omnia

237 1286 424 1318 Processum
451 1286 506 1318 dat
530 1285 697 1325 paraclito.
919 1285 1097 1319 Subdamus
1123 1285 1218 1317 corde
1243 1284 1393 1325 supplici.

252 1361 336 1388 Brev,
372 1369 424 1388 ms.
453 1357 786 1387 Romano-Franciscan.
820 1367 895 1386 saec.
932 1357 975 1386 15.
1026 1357 1094 1386 Ood.
1124 1358 1258 1386 Vatican.
1286 1356 1361 1386 4760
1394 1358 1487 1395 (parte

178 1397 232 1433 2a).
261 1412 297 1417 -
319 1398 345 1432 1,
372 1395 390 1426 3
409 1398 620 1433 Mousti-atque.
645 1411 681 1416 —
703 1396 734 1430 6,
764 1395 784 1424 4
803 1397 890 1425 eorde
909 1396 1046 1433 simplici.
1068 1410 1103 1415 —-
1123 1396 1185 1424 Der
1203 1396 1340 1432 Hymnus
1362 1397 1489 1425 befinclet:

179 1437 243 1464 sich
269 1438 301 1464 in
328 1436 378 1464 der
398 1437 520 1463 zweiten
537 1435 649 1471 Vesper
669 1434 719 1463 des
739 1443 798 1463 von
818 1434 898 1462 John
916 1434 1060 1462 Peccham
1080 1434 1239 1462 veffal'sten
1257 1434 1487 1463 Reimofficiums

179 1474 232 1502 auf
249 1474 295 1502 die
314 1474 354 1501 hl.
377 1474 610 1510 Dreifaltigkeii,
633 1474 676 1500 ist
694 1475 783 1501 sonuit
801 1472 1044 1500 wahrscheinlieh
1063 1481 1124 1500 von
1142 1472 1214 1505 ihm,
1238 1473 1304 1500 eine
1323 1472 1487 1506 Armahme,

178 1513 229 1541 ‹ler
248 1514 424 1549 wenigstcns
444 1512 502 1540 Stil
521 1511 582 1539 und
600 1511 628 1538 V
629 1512 767 1539 erskunst
784 1511 868 1539 nicht
886 1510 1142 1548 entgegenstehen.

665 1634 695 1665 4.
715 1635 758 1666 De
778 1642 819 1665 ss.
839 1633 1005 1665 Trinitate-

742 1710 791 1741 Ad
810 1710 937 1741 Laudes.

865 1781 896 1814 3.
923 1780 1057 1812 Praesta
1079 1778 1169 1812 nobis
1197 1782 1229 1811 et
1252 1779 1371 1821 perfice

922 1827 1061 1859 Nostrae
1085 1827 1198 1859 salutis
1223 1827 1358 1867 gratiam

922 1875 972 1906 Ac
995 1875 1029 1906 in
1054 1882 1111 1906 nos
1136 1875 1189 1914 pie
1212 1875 1338 1914 respice

185 1782 220 1816 1.
248 1780 271 1813 O
297 1780 434 1820 glonosa
458 1779 595 1819 trinitas,

241 1828 312 1860 Lux
336 1827 533 1867 perlustrans
558 1826 716 1867 universa,

242 1876 327 1908 Vera
352 1877 382 1906 et
406 1883 469 1906 una
495 1874 606 1914 deitas,

242 1922 361 1955 Cuncta
385 1922 533 1961 mitigans
557 1922 703 1954 adversa.

186 1982 220 2016 2.
243 1979 352 2012 Virtus
376 1978 632 2017 interminabilis,

242 2027 347 2059 Extra
369 2034 493 2058 omnem
517 2028 693 2059 creaturam

240 2075 286 2107 Et
308 2071 394 2105 infra
418 2081 541 2105 omnem
566 2073 657 2113 agilis

244 2121 373 2154 Nullam
397 2121 523 2161 patiens
547 2129 739 2160 pressuram.

924 1922 1051 1954 Vehens
1075 1922 1116 1953 ad
1142 1924 1227 1953 tuam
1252 1922 1395 1962 gloriam.

892 2004 898 2010 .
924 1978 962 2010 Iu
986 1979 1047 2010 hac
1071 1987 1145 2018 ergo
1172 1979 1378 2011 collaetemur

923 2025 1006 2058 Fide
1030 2029 1160 2058 sanctae
1183 2026 1349 2069 trinit-atis,

924 2073 963 2105 In
988 2083 1051 2114 qua
1074 2073 1169 2105 simul
1195 2072 1382 2106 confitemur

923 2120 1087 2153 Unitatem
1111 2121 1249 2154 deitatis

582 2178 612 2211 5.
637 2177 750 2209 Honor
773 2177 877 2210 laudis
904 2178 1075 2218 angelicae.

258 2254 364 2282 Diurn.
387 2261 441 2280 ms.
461 2252 608 2280 Fuidense
635 2261 711 2280 saec,
737 2250 781 2280 15.
817 2251 887 2280 coa.
903 2252 1025 2281 numen.
1046 2252 1092 2280 Aa
1122 2251 1168 2281 87.
1188 2253 1223 2281 A.
1244 2269 1282 2274 --
1301 2253 1422 2290 Antiph.
1442 2262 1497 2282 ms.

183 2293 299 2322 Veteris
318 2291 492 2319 Monastcrii
519 2298 594 2319 saec.
623 2288 667 2318 15.
707 2290 777 2319 Coe.
796 2291 963 2327 Maguntin.
992 2288 1056 2319 138.
1083 2292 1117 2320 Β.
1145 2306 1181 2311 —
1202 2292 1287 2320 Brev.
1306 2301 1360 2320 ms.
1380 2292 1498 2321 Veteris

182 2331 356 2399 ἓέῗὲᾕῗὲῗίἰ
381 2337 458 2358 saec.
480 2327 524 2357 15.
565 2328 634 2357 eod.
659 2330 824 2366 Maguntin.
846 2329 891 2358 96.
913 2329 945 2358 G.
972 2346 1008 2350 —
1035 2329 1088 2358 Ais
1112 2330 1229 2358 Divisio
1254 2339 1316 2358 von
1334 2330 1387 2360 ΝΥ.
1407 2328 1425 2357 2
1448 2331 1496 2359 be-
