1653 2637
708 157 756 162 -—
805 137 874 173 286
925 155 969 160 —

602 229 670 261 508.
700 229 744 260 De
766 229 881 261 duobus
902 227 1091 259 Valentinis.

744 296 792 326 Ad
812 295 940 326 Laudes.

189 366 217 398 1.
244 366 377 398 Beata
401 366 531 398 nobis
557 366 712 406 gaudia
873 366 903 397 3.
931 365 1062 404 Veni,
1096 368 1267 397 creator
1291 364 1495 408 spiritus,

247 413 441 446 Obtinebunt
464 413 497 444 in
522 413 627 452 patria
931 412 977 445 Ut
1002 412 1209 444 emundemur
1232 413 1358 452 penitus

246 460 300 500 Hi,
327 469 458 501 quorum
483 459 644 492 mirabilia
928 458 1114 491 Morborum
1135 469 1154 491 a
1179 460 1333 500 contagio,

247 509 328 541 Sunt
350 507 603 540 innumerabilia.
929 507 998 538 Fac
1022 509 1203 538 sanctorum
1227 506 1386 546 suffragio.

186 566 218 597 2.
243 565 328 596 Rex
346 564 536 605 Christe,
562 562 705 595 factor
730 573 812 596 om·
871 563 901 596 4.
928 563 1047 601 Jesu,
1074 572 1121 595 no
1134 566 1224 595 stra
1238 564 1493 607 redemptio,

582 611 652 642 niu
661 620 703 650 m,
926 610 973 641 Te
997 610 1108 642 laudat
1132 613 1242 643 nostra
1267 611 1375 643 concio

243 659 321 690 Post
345 659 437 698 hujus
465 657 550 689 vitae
574 658 729 689 somnium
929 658 1007 691 Cum
1030 661 1124 697 patre
1150 660 1183 689 et
1206 662 1315 691 sancto
1341 657 1458 699 spiritu

244 705 315 737 Duc
339 715 396 737 nos
419 705 453 736 in
477 703 689 745 refrigerium,
929 705 1169 737 Valentinorum
1194 706 1340 738 transitu.

245 753 310 792 Quo
337 752 454 784 sanetis
480 755 529 783 est.
552 752 738 785 manerium.

259 818 350 845 Psalt.
379 820 415 845 et.
441 817 550 851 Hymn.
577 825 630 844 ms.
659 825 733 845 saec.
762 815 806 844 15.
858 817 927 846 Cod.
953 816 1122 853 Sangallen.
1149 816 1214 845 526.
1238 834 1276 838 —-
1302 818 1419 846 Divisio
1445 818 1496 846 des

185 855 451 891 vorhergehenden.

637 937 703 969 509.
733 937 777 968 De
797 936 907 968 saneta
926 936 1059 968 Verena.

714 1004 761 1033 Ad
780 1004 972 1034 Nocturnum.

183 1073 212 1105 1.
240 1073 331 1112 Agne
355 1072 456 1112 patris
482 1073 604 1111 summi,
632 1072 767 1111 Christe,
864 1073 895 1106 3.
922 1072 1018 1105 Clara
1042 1073 1140 1113 signis
1167 1074 1217 1105 vel
1245 1074 1397 1106 doctrinis

286 1122 373 1151 stans
399 1119 474 1152 Sion
499 1120 533 1150 in
559 1120 687 1161 vertice,
969 1120 1084 1152 multos
1112 1129 1150 1152 ex
1175 1121 1340 1154 Alemanis

239 1168 300 1199 Per
324 1168 455 1207 xrirginis
481 1170 512 1197 te
537 1167 697 1206 sequentis
921 1167 994 1198 Tibi
1018 1168 1146 1199 lucrans
1173 1177 1398 1201 conversarum

286 1217 414 1246 sanctae
438 1222 549 1253 preces
574 1214 719 1246 Verenae
968 1213 1005 1246 fit
1025 1215 1177 1255 magistra
1202 1216 1371 1259 virginum,

242 1261 320 1304 Nos,
346 1262 417 1304 heu,
445 1261 546 1300 culpis
572 1262 750 1302 repigratos
926 1261 1054 1305 Quibus,
1085 1262 1173 1303 Jesu,
1202 1263 1301 1296 dabas
1328 1263 1446 1297 victum

287 1311 360 1348 post
383 1312 416 1340 te
441 1308 577 1340 clemens
602 1309 763 1348 protrahe.
970 1318 1029 1348 per
1051 1310 1179 1341 modum
1204 1310 1383 1343 mirificum.

181 1367 211 1398 2.
238 1366 323 1405 Quae
347 1369 380 1396 te
404 1374 553 1404 sponsum
579 1366 685 1397 cordis
710 1375 791 1405 puro
862 1368 894 1400 4.
920 1366 1014 1397 Hanc
1038 1367 1071 1398 in
1096 1367 1166 1398 visu
1191 1370 1314 1408 martyr
1339 1371 1467 1401 sauctus

286 1421 439 1452 quaerens
462 1412 630 1452 desiderio,
968 1414 1089 1445 solatur
1113 1414 1294 1458 Mauritius,

238 1459 346 1491 Luxus
371 1459 481 1492 mundi
507 1459 695 1492 declinando
918 1460 1012 1492 Hane
1036 1461 1151 1502 Maria,
1179 1466 1280 1495 mater
1305 1462 1376 1505 Dei,

284 1507 421 1546 patriam
447 1506 596 1546 deseruit,
967 1516 1037 1539 eum
1063 1509 1158 1540 choro
1184 1510 1332 1550 virginali

237 1554 342 1593 Larga
365 1555 466 1585 mater
491 1562 659 1593 egenorum
921 1555 1076 1586 Praesens
1101 1557 1242 1596 suscepit
1266 1558 1410 1590 vocando

285 1610 411 1632 earnem
435 1609 523 1632 suam
550 1600 679 1632 domuit.
967 1602 1070 1633 earnis
1096 1611 1135 1634 ex
1160 1606 1330 1644 ergastuio.

565 1658 595 1691 5.
620 1657 702 1696 Ejus
726 1667 783 1690 nos
809 1658 898 1690 salva
922 1658 1081 1698 precibus,

670 1714 730 1744 pro
757 1706 844 1744 qu'us
870 1705 1041 1737 virtutibus

624 1752 698 1783 Tibi
723 1752 818 1795 patri,
845 1751 912 1795 tibi,
940 1756 1024 1793 nate,

672 1799 741 1840 tibi,
767 1808 914 1839 pneuma,
940 1800 1050 1843 gloria,

624 1847 721 1878 Trine
744 1847 831 1879 Deus
856 1848 889 1878 in
913 1849 1068 1888 personis,

673 1894 766 1926 unice
791 1894 977 1927 substantia.

256 1959 387 1995 Append.
414 1968 467 1987 ms.
496 1962 569 1995 post.
596 1960 679 1987 Brev.
705 1960 994 1988 Praemonstratense
1019 1962 1088 1998 imp.
1110 1963 1234 1992 Parisiis
1257 1964 1339 1995 1513.
1377 1965 1490 1999 (Kreis-

177 1996 531 2070 ξίίξὲθζὶἷξῗιξέὃυιξ).ί-
551 1997 677 2025 Enth'alt
689 1998 726 2025 ad
740 1999 827 2034 Vesp.
842 1998 898 2026 den
911 1998 1045 2033 Hymnus
1061 2000 1084 2028 O
1099 2001 1222 2036 Verena,
1244 2012 1355 2040 sponsa
1368 2005 1487 2042 Christi,

632 2125 694 2158 510.
722 2127 765 2158 De
784 2128 893 2159 sancta
912 2127 1047 2160 Verena.

727 2195 776 2224 Ad
794 2194 923 2226 Laudes.

180 2265 210 2297 1.
234 2264 361 2296 Laudes
388 2272 535 2296 canamus
561 2263 691 2304 virginis
860 2268 892 2299 2.
918 2266 1138 2300 Thebaeorum
1165 2270 1205 2302 de
1229 2280 1356 2314 genere,

237 2311 389 2354 Verenae,
417 2319 497 2350 quae
521 2320 580 2349 pro
606 2312 740 2344 nominis
918 2313 1002 2346 Satis
1027 2317 1141 2349 aetatis
1166 2320 1306 2359 tenerae,

234 2359 296 2391 Dei
320 2367 426 2391 amore
450 2358 573 2397 respuit
917 2361 1014 2394 Sacro
1041 2364 1114 2396 duci
1136 2364 1289 2400 Mauritio

234 2407 390 2441 Mundum
416 2407 447 2437 et
473 2405 632 2439 Christum
656 2406 771 2442 induit.
916 2409 958 2441 Se
978 2410 1086 2451 junxit
1108 2413 1303 2453 primicerio.
