<?xml version="1.0" encoding="UTF-8"?>
<!DOCTYPE html PUBLIC "-//W3C//DTD XHTML 1.0 Transitional//EN"
    "http://www.w3.org/TR/xhtml1/DTD/xhtml1-transitional.dtd">
<html xmlns="http://www.w3.org/1999/xhtml" xml:lang="en" lang="en">
 <head>
  <title>
</title>
<meta http-equiv="Content-Type" content="text/html;charset=utf-8" />
  <meta name='ocr-system' content='tesseract 3.04.00' />
  <meta name='ocr-capabilities' content='ocr_page ocr_carea ocr_par ocr_line ocrx_word'/>
</head>
<body>
  <div class='ocr_page' id='page_1' title='image "./analectahymnica23drevuoft_00025.png"; bbox 0 0 1653 2637; ppageno 0'>
   <div class='ocr_carea' id='block_1_1' title="bbox 745 94 980 129">
    <p class='ocr_par' dir='ltr' id='par_1_1' title="bbox 745 94 980 129">
     <span class='ocr_line' id='line_1_1' title="bbox 745 94 980 129; baseline -0.004 -9"><span class='ocrx_word' id='word_1_1' title='bbox 745 94 980 129; x_wconf 49' lang='lat'>*22—</span> 
     </span>
    </p>
   </div>
   <div class='ocr_carea' id='block_1_2' title="bbox 210 188 1356 232">
    <p class='ocr_par' dir='ltr' id='par_1_2' title="bbox 210 188 1356 232">
     <span class='ocr_line' id='line_1_2' title="bbox 210 188 1356 232; baseline -0.004 -7"><span class='ocrx_word' id='word_1_2' title='bbox 210 193 241 225; x_wconf 88' lang='grc'>5.</span> <span class='ocrx_word' id='word_1_3' title='bbox 268 190 369 232; x_wconf 82' lang='lat' dir='ltr'>Ungis</span> <span class='ocrx_word' id='word_1_4' title='bbox 392 191 489 232; x_wconf 87' lang='lat' dir='ltr'>intus,</span> <span class='ocrx_word' id='word_1_5' title='bbox 517 191 652 229; x_wconf 82' lang='lat' dir='ltr'>Christe,</span> <span class='ocrx_word' id='word_1_6' title='bbox 678 191 818 232; x_wconf 87' lang='lat' dir='ltr'>Petrum,</span> <span class='ocrx_word' id='word_1_7' title='bbox 895 191 925 223; x_wconf 93' lang='lat'>6.</span> <span class='ocrx_word' id='word_1_8' title='bbox 952 188 1153 229; x_wconf 78' lang='lat' dir='ltr'>sempiterna</span> <span class='ocrx_word' id='word_1_9' title='bbox 1177 188 1220 220; x_wconf 75' lang='lat' dir='ltr'>sit</span> <span class='ocrx_word' id='word_1_10' title='bbox 1243 188 1356 220; x_wconf 83' lang='lat' dir='ltr'>beatae</span> 
     </span>
    </p>
   </div>
   <div class='ocr_carea' id='block_1_3' title="bbox 267 236 1383 468">
    <p class='ocr_par' dir='ltr' id='par_1_3' title="bbox 267 236 1326 327">
     <span class='ocr_line' id='line_1_3' title="bbox 314 236 1277 280; baseline -0.002 -10"><span class='ocrx_word' id='word_1_11' title='bbox 314 247 397 278; x_wconf 84' lang='lat' dir='ltr'>ecce,</span> <span class='ocrx_word' id='word_1_12' title='bbox 424 249 517 280; x_wconf 87' lang='lat' dir='ltr'>quam</span> <span class='ocrx_word' id='word_1_13' title='bbox 542 242 573 271; x_wconf 88' lang='lat' dir='ltr'>te</span> <span class='ocrx_word' id='word_1_14' title='bbox 600 239 718 280; x_wconf 81' lang='lat' dir='ltr'>diligit;</span> <span class='ocrx_word' id='word_1_15' title='bbox 1004 236 1142 268; x_wconf 79' lang='lat' dir='ltr'>trinitati</span> <span class='ocrx_word' id='word_1_16' title='bbox 1165 236 1277 276; x_wconf 85' lang='lat' dir='ltr'>gloria,</span> 
     </span>
     <span class='ocr_line' id='line_1_4' title="bbox 267 282 1326 327; baseline -0.005 -8"><span class='ocrx_word' id='word_1_17' title='bbox 267 287 359 327; x_wconf 88' lang='lat' dir='ltr'>Unge</span> <span class='ocrx_word' id='word_1_18' title='bbox 385 287 470 319; x_wconf 87' lang='lat' dir='ltr'>dulci</span> <span class='ocrx_word' id='word_1_19' title='bbox 492 296 548 319; x_wconf 89' lang='lat' dir='ltr'>nos</span> <span class='ocrx_word' id='word_1_20' title='bbox 573 296 690 326; x_wconf 87' lang='lat' dir='ltr'>amore,</span> <span class='ocrx_word' id='word_1_21' title='bbox 950 285 1063 324; x_wconf 83' lang='lat' dir='ltr'>Aequa.</span> <span class='ocrx_word' id='word_1_22' title='bbox 1087 284 1173 323; x_wconf 83' lang='lat' dir='ltr'>patri</span> <span class='ocrx_word' id='word_1_23' title='bbox 1197 282 1326 324; x_wconf 86' lang='lat' dir='ltr'>filioque</span> 
     </span>
    </p>

    <p class='ocr_par' dir='ltr' id='par_1_4' title="bbox 267 330 1383 422">
     <span class='ocr_line' id='line_1_5' title="bbox 312 330 1383 377; baseline -0.003 -12"><span class='ocrx_word' id='word_1_24' title='bbox 312 335 404 366; x_wconf 85' lang='lat' dir='ltr'>mitte</span> <span class='ocrx_word' id='word_1_25' title='bbox 429 337 549 376; x_wconf 79' lang='lat' dir='ltr'>guttam</span> <span class='ocrx_word' id='word_1_26' title='bbox 574 335 689 377; x_wconf 83' lang='lat' dir='ltr'>patria,</span> <span class='ocrx_word' id='word_1_27' title='bbox 1000 332 1070 363; x_wconf 83' lang='lat' dir='ltr'>laus</span> <span class='ocrx_word' id='word_1_28' title='bbox 1096 330 1138 363; x_wconf 82' lang='lat' dir='ltr'>sit</span> <span class='ocrx_word' id='word_1_29' title='bbox 1163 334 1195 362; x_wconf 80' lang='lat' dir='ltr'>et</span> <span class='ocrx_word' id='word_1_30' title='bbox 1218 331 1383 374; x_wconf 75' lang='lat' dir='ltr'>paraclito,</span> 
     </span>
     <span class='ocr_line' id='line_1_6' title="bbox 267 378 1362 422; baseline -0.004 -8"><span class='ocrx_word' id='word_1_31' title='bbox 267 382 332 421; x_wconf 79' lang='lat' dir='ltr'>Qua</span> <span class='ocrx_word' id='word_1_32' title='bbox 357 381 494 414; x_wconf 84' lang='lat' dir='ltr'>refectos</span> <span class='ocrx_word' id='word_1_33' title='bbox 517 386 591 422; x_wconf 84' lang='lat' dir='ltr'>post</span> <span class='ocrx_word' id='word_1_34' title='bbox 614 381 756 414; x_wconf 85' lang='lat' dir='ltr'>laborem</span> <span class='ocrx_word' id='word_1_35' title='bbox 952 379 1054 411; x_wconf 85' lang='lat' dir='ltr'>Unius</span> <span class='ocrx_word' id='word_1_36' title='bbox 1079 378 1219 419; x_wconf 88' lang='lat' dir='ltr'>trinique</span> <span class='ocrx_word' id='word_1_37' title='bbox 1248 387 1362 411; x_wconf 88' lang='lat' dir='ltr'>nomen</span> 
     </span>
    </p>

    <p class='ocr_par' dir='ltr' id='par_1_5' title="bbox 314 426 1335 468">
     <span class='ocr_line' id='line_1_7' title="bbox 314 426 1335 468; baseline -0.003 -6"><span class='ocrx_word' id='word_1_38' title='bbox 314 429 402 462; x_wconf 87' lang='lat' dir='ltr'>fonte</span> <span class='ocrx_word' id='word_1_39' title='bbox 426 432 492 461; x_wconf 88' lang='lat' dir='ltr'>toto</span> <span class='ocrx_word' id='word_1_40' title='bbox 518 430 653 468; x_wconf 81' lang='lat' dir='ltr'><strong>repleas,</strong></span> <span class='ocrx_word' id='word_1_41' title='bbox 1003 426 1111 458; x_wconf 82' lang='lat' dir='ltr'>laudet</span> <span class='ocrx_word' id='word_1_42' title='bbox 1135 427 1335 459; x_wconf 64' lang='lat' dir='ltr'>universitas</span> 
     </span>
    </p>
   </div>
   <div class='ocr_carea' id='block_1_4' title="bbox 286 484 1522 525">
    <p class='ocr_par' dir='ltr' id='par_1_6' title="bbox 286 484 1522 525">
     <span class='ocr_line' id='line_1_8' title="bbox 286 484 1522 525; baseline -0.003 -8"><span class='ocrx_word' id='word_1_43' title='bbox 286 490 395 525; x_wconf 69' lang='lat' dir='ltr'>Hymn.</span> <span class='ocrx_word' id='word_1_44' title='bbox 416 497 469 517; x_wconf 90' lang='lat' dir='ltr'>ms.</span> <span class='ocrx_word' id='word_1_45' title='bbox 484 489 653 517; x_wconf 80' lang='lat' dir='ltr'>Sanciensis</span> <span class='ocrx_word' id='word_1_46' title='bbox 675 498 697 517; x_wconf 89' lang='lat' dir='ltr'>s.</span> <span class='ocrx_word' id='word_1_47' title='bbox 718 498 746 515; x_wconf 88' lang='lat' dir='ltr'>n.</span> <span class='ocrx_word' id='word_1_48' title='bbox 768 496 843 516; x_wconf 80' lang='lat' dir='ltr'>saec.</span> <span class='ocrx_word' id='word_1_49' title='bbox 866 485 910 515; x_wconf 81' lang='lat'>15.</span> <span class='ocrx_word' id='word_1_50' title='bbox 931 486 996 515; x_wconf 77' lang='lat' dir='ltr'>add.</span> <span class='ocrx_word' id='word_1_51' title='bbox 1011 494 1087 514; x_wconf 79' lang='lat' dir='ltr'>saec.</span> <span class='ocrx_word' id='word_1_52' title='bbox 1102 484 1147 514; x_wconf 80' lang='lat'>16.</span> <span class='ocrx_word' id='word_1_53' title='bbox 1164 501 1201 505; x_wconf 88' lang='lat'><strong>—</strong></span> <span class='ocrx_word' id='word_1_54' title='bbox 1212 487 1283 515; x_wconf 83' lang='lat' dir='ltr'>Mel.</span> <span class='ocrx_word' id='word_1_55' title='bbox 1296 486 1398 523; x_wconf 81' lang='lat' dir='ltr'>Pange</span> <span class='ocrx_word' id='word_1_56' title='bbox 1409 486 1522 522; x_wconf 82' lang='lat' dir='ltr'>lingua.</span> 
     </span>
    </p>
   </div>
   <div class='ocr_carea' id='block_1_5' title="bbox 668 578 1065 619">
    <p class='ocr_par' dir='ltr' id='par_1_7' title="bbox 668 578 1065 619">
     <span class='ocr_line' id='line_1_9' title="bbox 668 578 1065 619; baseline -0.005 -9"><span class='ocrx_word' id='word_1_57' title='bbox 668 580 715 612; x_wconf 85' lang='lat'>23.</span> <span class='ocrx_word' id='word_1_58' title='bbox 752 580 787 611; x_wconf 85' lang='lat' dir='ltr'>ln</span> <span class='ocrx_word' id='word_1_59' title='bbox 809 578 1065 619; x_wconf 78' lang='lat' dir='ltr'>Quadragesima.</span> 
     </span>
    </p>
   </div>
   <div class='ocr_carea' id='block_1_6' title="bbox 547 650 1163 835">
    <p class='ocr_par' dir='ltr' id='par_1_8' title="bbox 547 650 1163 835">
     <span class='ocr_line' id='line_1_10' title="bbox 547 650 1083 684; baseline -0.006 0"><span class='ocrx_word' id='word_1_60' title='bbox 547 651 578 684; x_wconf 81' lang='lat'>1.</span> <span class='ocrx_word' id='word_1_61' title='bbox 605 651 714 684; x_wconf 88' lang='lat' dir='ltr'>Omnis</span> <span class='ocrx_word' id='word_1_62' title='bbox 740 652 853 682; x_wconf 75' lang='lat' dir='ltr'>ehoms</span> <span class='ocrx_word' id='word_1_63' title='bbox 879 650 1083 682; x_wconf 78' lang='lat' dir='ltr'>eeclesiarum</span> 
     </span>
     <span class='ocr_line' id='line_1_11' title="bbox 606 698 1070 732; baseline -0.006 -1"><span class='ocrx_word' id='word_1_64' title='bbox 606 698 698 732; x_wconf 80' lang='lat' dir='ltr'>Claro</span> <span class='ocrx_word' id='word_1_65' title='bbox 720 698 934 731; x_wconf 79' lang='lat' dir='ltr'>modulamine</span> <span class='ocrx_word' id='word_1_66' title='bbox 957 706 1070 729; x_wconf 84' lang='lat' dir='ltr'>vocum</span> 
     </span>
     <span class='ocr_line' id='line_1_12' title="bbox 602 745 1150 785; baseline -0.005 -6"><span class='ocrx_word' id='word_1_67' title='bbox 602 745 737 779; x_wconf 84' lang='lat' dir='ltr'>Dulcem</span> <span class='ocrx_word' id='word_1_68' title='bbox 762 749 854 777; x_wconf 80' lang='lat' dir='ltr'>sonat</span> <span class='ocrx_word' id='word_1_69' title='bbox 878 746 965 777; x_wconf 81' lang='lat' dir='ltr'>ocius</span> <span class='ocrx_word' id='word_1_70' title='bbox 990 745 1150 785; x_wconf 76' lang='lat' dir='ltr'>hymnum,</span> 
     </span>
     <span class='ocr_line' id='line_1_13' title="bbox 605 793 1163 835; baseline -0.005 -9"><span class='ocrx_word' id='word_1_71' title='bbox 605 794 752 835; x_wconf 80' lang='lat' dir='ltr'>Pangant</span> <span class='ocrx_word' id='word_1_72' title='bbox 776 793 870 825; x_wconf 86' lang='lat' dir='ltr'>simul</span> <span class='ocrx_word' id='word_1_73' title='bbox 895 795 983 824; x_wconf 85' lang='lat' dir='ltr'>astra</span> <span class='ocrx_word' id='word_1_74' title='bbox 1007 793 1163 832; x_wconf 87' lang='lat' dir='ltr'>polorum.</span> 
     </span>
    </p>
   </div>
   <div class='ocr_carea' id='block_1_7' title="bbox 546 849 1134 1033">
    <p class='ocr_par' dir='ltr' id='par_1_9' title="bbox 546 849 1134 1033">
     <span class='ocr_line' id='line_1_14' title="bbox 546 849 1122 890; baseline -0.005 -8"><span class='ocrx_word' id='word_1_75' title='bbox 546 852 577 884; x_wconf 83' lang='lat'>2.</span> <span class='ocrx_word' id='word_1_76' title='bbox 603 852 737 889; x_wconf 79' lang='lat' dir='ltr'>Instant,</span> <span class='ocrx_word' id='word_1_77' title='bbox 765 858 848 890; x_wconf 85' lang='lat' dir='ltr'>ecce,</span> <span class='ocrx_word' id='word_1_78' title='bbox 875 852 987 888; x_wconf 88' lang='lat' dir='ltr'>quater</span> <span class='ocrx_word' id='word_1_79' title='bbox 1013 849 1122 880; x_wconf 86' lang='lat' dir='ltr'>decem</span> 
     </span>
     <span class='ocr_line' id='line_1_15' title="bbox 603 896 1026 936; baseline -0.005 -7"><span class='ocrx_word' id='word_1_80' title='bbox 603 897 693 930; x_wconf 82' lang='lat' dir='ltr'>Soles</span> <span class='ocrx_word' id='word_1_81' title='bbox 717 897 831 929; x_wconf 84' lang='lat' dir='ltr'>merito</span> <span class='ocrx_word' id='word_1_82' title='bbox 852 896 1026 936; x_wconf 80' lang='lat' dir='ltr'>recolendi,</span> 
     </span>
     <span class='ocr_line' id='line_1_16' title="bbox 604 944 1134 983; baseline -0.004 -7"><span class='ocrx_word' id='word_1_83' title='bbox 604 945 741 983; x_wconf 83' lang='lat' dir='ltr'>Quorum</span> <span class='ocrx_word' id='word_1_84' title='bbox 766 945 852 977; x_wconf 90' lang='lat' dir='ltr'>Deus</span> <span class='ocrx_word' id='word_1_85' title='bbox 879 944 1001 975; x_wconf 79' lang='lat' dir='ltr'>exstitit</span> <span class='ocrx_word' id='word_1_86' title='bbox 1023 945 1134 976; x_wconf 84' lang='lat' dir='ltr'>auctor</span> 
     </span>
     <span class='ocr_line' id='line_1_17' title="bbox 602 991 1112 1033; baseline -0.004 -9"><span class='ocrx_word' id='word_1_87' title='bbox 602 992 836 1033; x_wconf 78' lang='lat' dir='ltr'>Hominumque</span> <span class='ocrx_word' id='word_1_88' title='bbox 859 991 921 1024; x_wconf 86' lang='lat' dir='ltr'>Dei</span> <span class='ocrx_word' id='word_1_89' title='bbox 945 991 1112 1023; x_wconf 80' lang='lat' dir='ltr'>mediator.</span> 
     </span>
    </p>
   </div>
   <div class='ocr_carea' id='block_1_8' title="bbox 546 1047 1118 1230">
    <p class='ocr_par' dir='ltr' id='par_1_10' title="bbox 546 1047 1118 1230">
     <span class='ocr_line' id='line_1_18' title="bbox 546 1047 1032 1088; baseline -0.006 -7"><span class='ocrx_word' id='word_1_90' title='bbox 546 1050 577 1081; x_wconf 86' lang='lat'>3.</span> <span class='ocrx_word' id='word_1_91' title='bbox 603 1048 707 1088; x_wconf 73' lang='lat' dir='ltr'>HuJus</span> <span class='ocrx_word' id='word_1_92' title='bbox 732 1048 839 1088; x_wconf 73' lang='lat' dir='ltr'>Moysi</span> <span class='ocrx_word' id='word_1_93' title='bbox 864 1048 914 1080; x_wconf 85' lang='lat' dir='ltr'>vel</span> <span class='ocrx_word' id='word_1_94' title='bbox 938 1047 1032 1080; x_wconf 81' lang='lat' dir='ltr'>Eliae</span> 
     </span>
     <span class='ocr_line' id='line_1_19' title="bbox 603 1094 1063 1136; baseline -0.004 -8"><span class='ocrx_word' id='word_1_95' title='bbox 603 1096 736 1128; x_wconf 78' lang='lat' dir='ltr'>Numeri</span> <span class='ocrx_word' id='word_1_96' title='bbox 759 1097 909 1136; x_wconf 80' lang='lat' dir='ltr'>placuere</span> <span class='ocrx_word' id='word_1_97' title='bbox 933 1094 1063 1134; x_wconf 76' lang='lat' dir='ltr'>figurae,</span> 
     </span>
     <span class='ocr_line' id='line_1_20' title="bbox 603 1142 1104 1183; baseline -0.002 -9"><span class='ocrx_word' id='word_1_98' title='bbox 603 1143 667 1175; x_wconf 84' lang='lat' dir='ltr'>Sub</span> <span class='ocrx_word' id='word_1_99' title='bbox 694 1152 753 1183; x_wconf 79' lang='lat' dir='ltr'>quo</span> <span class='ocrx_word' id='word_1_100' title='bbox 779 1143 832 1183; x_wconf 86' lang='lat' dir='ltr'>pie</span> <span class='ocrx_word' id='word_1_101' title='bbox 855 1151 890 1174; x_wconf 82' lang='lat' dir='ltr'>se</span> <span class='ocrx_word' id='word_1_102' title='bbox 914 1142 1104 1174; x_wconf 82' lang='lat' dir='ltr'>macerando</span> 
     </span>
     <span class='ocr_line' id='line_1_21' title="bbox 603 1190 1118 1230; baseline 0 -8"><span class='ocrx_word' id='word_1_103' title='bbox 603 1191 772 1222; x_wconf 86' lang='lat' dir='ltr'>Dominum</span> <span class='ocrx_word' id='word_1_104' title='bbox 799 1191 923 1222; x_wconf 87' lang='lat' dir='ltr'>coluere</span> <span class='ocrx_word' id='word_1_105' title='bbox 947 1190 1118 1230; x_wconf 59' lang='lat' dir='ltr'>precando,</span> 
     </span>
    </p>
   </div>
   <div class='ocr_carea' id='block_1_9' title="bbox 547 1246 1210 1824">
    <p class='ocr_par' dir='ltr' id='par_1_11' title="bbox 547 1246 1145 1431">
     <span class='ocr_line' id='line_1_22' title="bbox 547 1246 1145 1284; baseline -0.007 -4"><span class='ocrx_word' id='word_1_106' title='bbox 547 1249 578 1280; x_wconf 78' lang='lat'>4.</span> <span class='ocrx_word' id='word_1_107' title='bbox 604 1247 688 1280; x_wconf 77' lang='lat' dir='ltr'>Hinc</span> <span class='ocrx_word' id='word_1_108' title='bbox 712 1247 851 1279; x_wconf 86' lang='lat' dir='ltr'>turmula</span> <span class='ocrx_word' id='word_1_109' title='bbox 874 1246 1145 1284; x_wconf 74' lang='lat' dir='ltr'>Christicolarum,</span> 
     </span>
     <span class='ocr_line' id='line_1_23' title="bbox 607 1295 1133 1333; baseline -0.006 -6"><span class='ocrx_word' id='word_1_110' title='bbox 607 1295 742 1327; x_wconf 84' lang='lat' dir='ltr'>Imitans</span> <span class='ocrx_word' id='word_1_111' title='bbox 767 1303 859 1326; x_wconf 81' lang='lat' dir='ltr'>sacra</span> <span class='ocrx_word' id='word_1_112' title='bbox 884 1297 959 1326; x_wconf 83' lang='lat' dir='ltr'>vota</span> <span class='ocrx_word' id='word_1_113' title='bbox 981 1295 1133 1333; x_wconf 84' lang='lat' dir='ltr'>priorum,</span> 
     </span>
     <span class='ocr_line' id='line_1_24' title="bbox 607 1341 1089 1381; baseline -0.004 -7"><span class='ocrx_word' id='word_1_114' title='bbox 607 1341 701 1374; x_wconf 70' lang='lat' dir='ltr'>Nunc</span> <span class='ocrx_word' id='word_1_115' title='bbox 723 1342 850 1381; x_wconf 82' lang='lat' dir='ltr'>parcius</span> <span class='ocrx_word' id='word_1_116' title='bbox 873 1342 973 1373; x_wconf 85' lang='lat' dir='ltr'>utitur</span> <span class='ocrx_word' id='word_1_117' title='bbox 998 1341 1089 1378; x_wconf 81' lang='lat' dir='ltr'>esciS,</span> 
     </span>
     <span class='ocr_line' id='line_1_25' title="bbox 606 1388 1086 1431; baseline 0 -10"><span class='ocrx_word' id='word_1_118' title='bbox 606 1388 652 1422; x_wconf 76' lang='lat' dir='ltr'>Ut</span> <span class='ocrx_word' id='word_1_119' title='bbox 675 1390 778 1431; x_wconf 76' lang='lat' dir='ltr'>possit</span> <span class='ocrx_word' id='word_1_120' title='bbox 800 1390 905 1421; x_wconf 84' lang='lat' dir='ltr'>inesse</span> <span class='ocrx_word' id='word_1_121' title='bbox 929 1388 1086 1429; x_wconf 87' lang='lat' dir='ltr'>supernis.</span> 
     </span>
    </p>

    <p class='ocr_par' dir='ltr' id='par_1_12' title="bbox 550 1446 1149 1534">
     <span class='ocr_line' id='line_1_26' title="bbox 550 1446 1149 1487; baseline -0.002 -9"><span class='ocrx_word' id='word_1_122' title='bbox 550 1448 580 1479; x_wconf 88' lang='lat'>5.</span> <span class='ocrx_word' id='word_1_123' title='bbox 608 1447 688 1487; x_wconf 74' lang='lat' dir='ltr'>Quin</span> <span class='ocrx_word' id='word_1_124' title='bbox 713 1446 891 1486; x_wconf 81' lang='lat' dir='ltr'>spernimus</span> <span class='ocrx_word' id='word_1_125' title='bbox 917 1455 990 1487; x_wconf 83' lang='lat' dir='ltr'>ergo</span> <span class='ocrx_word' id='word_1_126' title='bbox 1012 1446 1149 1486; x_wconf 87' lang='lat' dir='ltr'>quietem</span> 
     </span>
     <span class='ocr_line' id='line_1_27' title="bbox 607 1493 1076 1534; baseline -0.004 -8"><span class='ocrx_word' id='word_1_127' title='bbox 607 1494 757 1534; x_wconf 82' lang='lat' dir='ltr'>Pigrique</span> <span class='ocrx_word' id='word_1_128' title='bbox 781 1493 905 1533; x_wconf 83' lang='lat' dir='ltr'>soporis</span> <span class='ocrx_word' id='word_1_129' title='bbox 928 1502 1076 1533; x_wconf 81' lang='lat' dir='ltr'>amorem,</span> 
     </span>
    </p>

    <p class='ocr_par' dir='ltr' id='par_1_13' title="bbox 606 1542 1127 1621">
     <span class='ocr_line' id='line_1_28' title="bbox 608 1542 1127 1584; baseline -0.002 -10"><span class='ocrx_word' id='word_1_130' title='bbox 608 1542 653 1575; x_wconf 90' lang='lat' dir='ltr'>Ut</span> <span class='ocrx_word' id='word_1_131' title='bbox 680 1542 796 1573; x_wconf 77' lang='lat' dir='ltr'>clamat</span> <span class='ocrx_word' id='word_1_132' title='bbox 817 1542 856 1573; x_wconf 85' lang='lat' dir='ltr'>ab</span> <span class='ocrx_word' id='word_1_133' title='bbox 883 1550 938 1573; x_wconf 88' lang='lat' dir='ltr'>ore</span> <span class='ocrx_word' id='word_1_134' title='bbox 959 1542 1127 1584; x_wconf 86' lang='lat' dir='ltr'>propheta,</span> 
     </span>
     <span class='ocr_line' id='line_1_29' title="bbox 606 1588 1101 1621; baseline 0 0"><span class='ocrx_word' id='word_1_135' title='bbox 606 1588 717 1621; x_wconf 83' lang='lat' dir='ltr'>Noctis</span> <span class='ocrx_word' id='word_1_136' title='bbox 741 1589 933 1621; x_wconf 81' lang='lat' dir='ltr'>meditamur</span> <span class='ocrx_word' id='word_1_137' title='bbox 955 1590 989 1621; x_wconf 90' lang='lat' dir='ltr'>in</span> <span class='ocrx_word' id='word_1_138' title='bbox 1012 1589 1101 1621; x_wconf 82' lang='lat' dir='ltr'>hora.</span> 
     </span>
    </p>

    <p class='ocr_par' dir='ltr' id='par_1_14' title="bbox 550 1640 1210 1729">
     <span class='ocr_line' id='line_1_30' title="bbox 550 1640 1210 1684; baseline -0.002 -11"><span class='ocrx_word' id='word_1_139' title='bbox 550 1642 581 1673; x_wconf 89' lang='lat'>6.</span> <span class='ocrx_word' id='word_1_140' title='bbox 609 1640 710 1677; x_wconf 80' lang='lat' dir='ltr'>Nunc,</span> <span class='ocrx_word' id='word_1_141' title='bbox 737 1641 874 1684; x_wconf 79' lang='lat' dir='ltr'>Christe,</span> <span class='ocrx_word' id='word_1_142' title='bbox 899 1650 1045 1682; x_wconf 80' lang='lat' dir='ltr'>rogamus</span> <span class='ocrx_word' id='word_1_143' title='bbox 1071 1643 1210 1681; x_wconf 85' lang='lat' dir='ltr'>ovantes,</span> 
     </span>
     <span class='ocr_line' id='line_1_31' title="bbox 606 1687 1044 1729; baseline 0 -9"><span class='ocrx_word' id='word_1_144' title='bbox 606 1689 694 1721; x_wconf 89' lang='lat' dir='ltr'>Audi</span> <span class='ocrx_word' id='word_1_145' title='bbox 713 1688 773 1720; x_wconf 84' lang='lat' dir='ltr'>tibi</span> <span class='ocrx_word' id='word_1_146' title='bbox 797 1691 870 1720; x_wconf 82' lang='lat' dir='ltr'>vota</span> <span class='ocrx_word' id='word_1_147' title='bbox 895 1687 1044 1729; x_wconf 84' lang='lat' dir='ltr'>ferentes,</span> 
     </span>
    </p>

    <p class='ocr_par' dir='ltr' id='par_1_15' title="bbox 607 1736 1100 1824">
     <span class='ocr_line' id='line_1_32' title="bbox 608 1736 1077 1775; baseline -0.006 -6"><span class='ocrx_word' id='word_1_148' title='bbox 608 1736 662 1769; x_wconf 83' lang='lat' dir='ltr'>Sic</span> <span class='ocrx_word' id='word_1_149' title='bbox 685 1745 747 1769; x_wconf 81' lang='lat' dir='ltr'>vox</span> <span class='ocrx_word' id='word_1_150' title='bbox 771 1736 919 1768; x_wconf 64' lang='lat' dir='ltr'>reboatur</span> <span class='ocrx_word' id='word_1_151' title='bbox 943 1738 978 1769; x_wconf 81' lang='lat' dir='ltr'>in</span> <span class='ocrx_word' id='word_1_152' title='bbox 1002 1737 1077 1775; x_wconf 83' lang='lat' dir='ltr'>alto,</span> 
     </span>
     <span class='ocr_line' id='line_1_33' title="bbox 607 1783 1100 1824; baseline -0.006 -7"><span class='ocrx_word' id='word_1_153' title='bbox 607 1783 652 1817; x_wconf 87' lang='lat' dir='ltr'>Ut</span> <span class='ocrx_word' id='word_1_154' title='bbox 676 1793 734 1816; x_wconf 90' lang='lat' dir='ltr'>nos</span> <span class='ocrx_word' id='word_1_155' title='bbox 759 1785 940 1824; x_wconf 79' lang='lat' dir='ltr'>placeamus</span> <span class='ocrx_word' id='word_1_156' title='bbox 961 1785 995 1816; x_wconf 92' lang='lat' dir='ltr'>in</span> <span class='ocrx_word' id='word_1_157' title='bbox 1018 1786 1100 1816; x_wconf 83' lang='lat' dir='ltr'>actu.</span> 
     </span>
    </p>
   </div>
   <div class='ocr_carea' id='block_1_10' title="bbox 553 1840 1168 2015">
    <p class='ocr_par' dir='ltr' id='par_1_16' title="bbox 553 1840 1168 2015">
     <span class='ocr_line' id='line_1_34' title="bbox 553 1840 1031 1880; baseline 0 -8"><span class='ocrx_word' id='word_1_158' title='bbox 553 1842 585 1874; x_wconf 82' lang='lat'>7.</span> <span class='ocrx_word' id='word_1_159' title='bbox 611 1840 659 1873; x_wconf 83' lang='lat' dir='ltr'>Sit</span> <span class='ocrx_word' id='word_1_160' title='bbox 685 1841 768 1873; x_wconf 81' lang='lat' dir='ltr'>doxa</span> <span class='ocrx_word' id='word_1_161' title='bbox 791 1840 860 1873; x_wconf 89' lang='lat' dir='ltr'>Deo</span> <span class='ocrx_word' id='word_1_162' title='bbox 886 1841 1031 1880; x_wconf 81' lang='lat' dir='ltr'>genitori,</span> 
     </span>
     <span class='ocr_line' id='line_1_35' title="bbox 608 1888 1091 1929; baseline 0 -9"><span class='ocrx_word' id='word_1_163' title='bbox 608 1888 688 1926; x_wconf 80' lang='lat' dir='ltr'>Ejus</span> <span class='ocrx_word' id='word_1_164' title='bbox 713 1889 837 1928; x_wconf 81' lang='lat' dir='ltr'>genitae</span> <span class='ocrx_word' id='word_1_165' title='bbox 860 1897 983 1929; x_wconf 88' lang='lat' dir='ltr'>quoque</span> <span class='ocrx_word' id='word_1_166' title='bbox 1006 1888 1091 1928; x_wconf 87' lang='lat' dir='ltr'>proli</span> 
     </span>
     <span class='ocr_line' id='line_1_36' title="bbox 610 1935 1043 1979; baseline 0 -12"><span class='ocrx_word' id='word_1_167' title='bbox 610 1940 659 1967; x_wconf 76' lang='lat' dir='ltr'>Ac</span> <span class='ocrx_word' id='word_1_168' title='bbox 682 1935 810 1975; x_wconf 86' lang='lat' dir='ltr'>spiritui</span> <span class='ocrx_word' id='word_1_169' title='bbox 834 1936 927 1967; x_wconf 81' lang='lat' dir='ltr'>simul</span> <span class='ocrx_word' id='word_1_170' title='bbox 952 1936 1043 1979; x_wconf 85' lang='lat' dir='ltr'>almo,</span> 
     </span>
     <span class='ocr_line' id='line_1_37' title="bbox 608 1982 1168 2015; baseline 0 -1"><span class='ocrx_word' id='word_1_171' title='bbox 608 1982 720 2014; x_wconf 74' lang='lat' dir='ltr'>Manet</span> <span class='ocrx_word' id='word_1_172' title='bbox 743 1983 796 2014; x_wconf 88' lang='lat' dir='ltr'>hic</span> <span class='ocrx_word' id='word_1_173' title='bbox 819 1983 906 2015; x_wconf 91' lang='lat' dir='ltr'>Deus</span> <span class='ocrx_word' id='word_1_174' title='bbox 931 1992 1011 2014; x_wconf 89' lang='lat' dir='ltr'>unus</span> <span class='ocrx_word' id='word_1_175' title='bbox 1034 1984 1069 2014; x_wconf 86' lang='lat' dir='ltr'>in</span> <span class='ocrx_word' id='word_1_176' title='bbox 1094 1984 1168 2014; x_wconf 83' lang='lat' dir='ltr'>alto.</span> 
     </span>
    </p>
   </div>
   <div class='ocr_carea' id='block_1_11' title="bbox 213 2035 1523 2110">
    <p class='ocr_par' dir='ltr' id='par_1_17' title="bbox 213 2035 1523 2110">
     <span class='ocr_line' id='line_1_38' title="bbox 291 2035 1523 2075; baseline 0.002 -11"><span class='ocrx_word' id='word_1_177' title='bbox 291 2037 359 2065; x_wconf 78' lang='lat' dir='ltr'>Ood.</span> <span class='ocrx_word' id='word_1_178' title='bbox 381 2037 548 2075; x_wconf 80' lang='lat' dir='ltr'>Sangallen.</span> <span class='ocrx_word' id='word_1_179' title='bbox 569 2036 625 2066; x_wconf 80' lang='lat'>898</span> <span class='ocrx_word' id='word_1_180' title='bbox 651 2046 726 2066; x_wconf 75' lang='lat' dir='ltr'>saec,</span> <span class='ocrx_word' id='word_1_181' title='bbox 748 2035 819 2073; x_wconf 62' lang='grc'>1011]-</span> <span class='ocrx_word' id='word_1_182' title='bbox 858 2039 1011 2067; x_wconf 77' lang='lat' dir='ltr'>Vei-fasser</span> <span class='ocrx_word' id='word_1_183' title='bbox 1031 2039 1081 2066; x_wconf 80' lang='lat' dir='ltr'>(les</span> <span class='ocrx_word' id='word_1_184' title='bbox 1102 2039 1238 2074; x_wconf 78' lang='lat' dir='ltr'>Hymnus</span> <span class='ocrx_word' id='word_1_185' title='bbox 1258 2039 1300 2066; x_wconf 81' lang='lat' dir='ltr'>ist</span> <span class='ocrx_word' id='word_1_186' title='bbox 1317 2039 1434 2067; x_wconf 81' lang='lat' dir='ltr'>Berno</span> <span class='ocrx_word' id='word_1_187' title='bbox 1458 2048 1523 2067; x_wconf 73' lang='lat' dir='ltr'>von</span> 
     </span>
     <span class='ocr_line' id='line_1_39' title="bbox 213 2076 969 2110; baseline -0.001 -5"><span class='ocrx_word' id='word_1_188' title='bbox 213 2076 435 2110; x_wconf 65' lang='lat' dir='ltr'>Reichenmi,</span> <span class='ocrx_word' id='word_1_189' title='bbox 455 2079 539 2104; x_wconf 83' lang='lat' dir='ltr'>unter</span> <span class='ocrx_word' id='word_1_190' title='bbox 558 2076 663 2104; x_wconf 78' lang='lat' dir='ltr'>dessen</span> <span class='ocrx_word' id='word_1_191' title='bbox 682 2076 814 2104; x_wconf 76' lang='lat' dir='ltr'>Werkeu</span> <span class='ocrx_word' id='word_1_192' title='bbox 833 2085 864 2103; x_wconf 84' lang='lat' dir='ltr'>er</span> <span class='ocrx_word' id='word_1_193' title='bbox 883 2077 969 2104; x_wconf 85' lang='lat' dir='ltr'>steht.</span> 
     </span>
    </p>
   </div>
   <div class='ocr_carea' id='block_1_12' title="bbox 673 2167 1067 2208">
    <p class='ocr_par' dir='ltr' id='par_1_18' title="bbox 673 2167 1067 2208">
     <span class='ocr_line' id='line_1_40' title="bbox 673 2167 1067 2208; baseline -0.003 -10"><span class='ocrx_word' id='word_1_194' title='bbox 673 2169 723 2199; x_wconf 79' lang='lat'>24.</span> <span class='ocrx_word' id='word_1_195' title='bbox 755 2168 789 2199; x_wconf 84' lang='lat' dir='ltr'>In</span> <span class='ocrx_word' id='word_1_196' title='bbox 811 2167 1067 2208; x_wconf 61' lang='lat' dir='ltr'>Quaeragesima.</span> 
     </span>
    </p>
   </div>
   <div class='ocr_carea' id='block_1_13' title="bbox 216 2238 1407 2377">
    <p class='ocr_par' dir='ltr' id='par_1_19' title="bbox 216 2238 1407 2377">
     <span class='ocr_line' id='line_1_41' title="bbox 216 2238 1407 2284; baseline 0 -11"><span class='ocrx_word' id='word_1_197' title='bbox 216 2241 246 2273; x_wconf 79' lang='lat'>1.</span> <span class='ocrx_word' id='word_1_198' title='bbox 276 2239 369 2279; x_wconf 83' lang='lat' dir='ltr'>Ecce,</span> <span class='ocrx_word' id='word_1_199' title='bbox 394 2238 516 2270; x_wconf 87' lang='lat' dir='ltr'>dierum</span> <span class='ocrx_word' id='word_1_200' title='bbox 539 2247 687 2270; x_wconf 81' lang='lat' dir='ltr'>numerus</span> <span class='ocrx_word' id='word_1_201' title='bbox 896 2240 930 2272; x_wconf 85' lang='lat'>2.</span> <span class='ocrx_word' id='word_1_202' title='bbox 955 2238 1025 2270; x_wconf 86' lang='lat' dir='ltr'>Hoc</span> <span class='ocrx_word' id='word_1_203' title='bbox 1049 2242 1173 2279; x_wconf 85' lang='lat' dir='ltr'>tempus</span> <span class='ocrx_word' id='word_1_204' title='bbox 1199 2240 1407 2284; x_wconf 75' lang='lat' dir='ltr'>acceptabile,</span> 
     </span>
     <span class='ocr_line' id='line_1_42' title="bbox 273 2286 1284 2332; baseline 0.001 -14"><span class='ocrx_word' id='word_1_205' title='bbox 273 2287 379 2319; x_wconf 84' lang='lat' dir='ltr'>Poscit</span> <span class='ocrx_word' id='word_1_206' title='bbox 404 2286 672 2326; x_wconf 84' lang='lat' dir='ltr'>quadragenarius</span> <span class='ocrx_word' id='word_1_207' title='bbox 954 2287 1032 2318; x_wconf 89' lang='lat' dir='ltr'>Dies</span> <span class='ocrx_word' id='word_1_208' title='bbox 1057 2286 1091 2318; x_wconf 92' lang='lat' dir='ltr'>hi</span> <span class='ocrx_word' id='word_1_209' title='bbox 1116 2287 1284 2332; x_wconf 80' lang='lat' dir='ltr'>salutiferi,</span> 
     </span>
     <span class='ocr_line' id='line_1_43' title="bbox 271 2334 1361 2377; baseline 0.001 -10"><span class='ocrx_word' id='word_1_210' title='bbox 271 2336 399 2367; x_wconf 75' lang='lat' dir='ltr'>Instare</span> <span class='ocrx_word' id='word_1_211' title='bbox 421 2334 644 2377; x_wconf 81' lang='lat' dir='ltr'>parsimoniae,</span> <span class='ocrx_word' id='word_1_212' title='bbox 954 2335 1109 2367; x_wconf 81' lang='lat' dir='ltr'>ornemus</span> <span class='ocrx_word' id='word_1_213' title='bbox 1132 2335 1196 2375; x_wconf 87' lang='lat' dir='ltr'>piis</span> <span class='ocrx_word' id='word_1_214' title='bbox 1218 2336 1361 2368; x_wconf 87' lang='lat' dir='ltr'>moribus</span> 
     </span>
    </p>
   </div>
   <div class='ocr_carea' id='block_1_14' title="bbox 272 2382 1395 2426">
    <p class='ocr_par' dir='ltr' id='par_1_20' title="bbox 272 2382 1395 2426">
     <span class='ocr_line' id='line_1_44' title="bbox 272 2382 1395 2426; baseline 0.003 -12"><span class='ocrx_word' id='word_1_215' title='bbox 272 2383 420 2415; x_wconf 84' lang='lat' dir='ltr'>Decimas</span> <span class='ocrx_word' id='word_1_216' title='bbox 446 2382 520 2414; x_wconf 82' lang='lat' dir='ltr'>anni</span> <span class='ocrx_word' id='word_1_217' title='bbox 544 2382 691 2414; x_wconf 84' lang='lat' dir='ltr'>reddere.</span> <span class='ocrx_word' id='word_1_218' title='bbox 955 2383 1126 2426; x_wconf 86' lang='lat' dir='ltr'>Jejunium,</span> <span class='ocrx_word' id='word_1_219' title='bbox 1154 2383 1239 2423; x_wconf 84' lang='lat' dir='ltr'>quod</span> <span class='ocrx_word' id='word_1_220' title='bbox 1263 2385 1395 2425; x_wconf 65' lang='lat' dir='ltr'>agimus</span> 
     </span>
    </p>
   </div>
  </div>
 </body>
</html>
