1653 2637
712 94 972 129 —114—

456 193 485 226 5.
511 191 630 224 Doctus
656 190 787 222 antistes
811 189 939 222 Domini
963 189 1112 221 monebat

514 238 650 278 Legibus
675 238 774 270 sacris
799 238 961 277 populum,
987 244 1047 266 nee
1071 244 1207 275 unquam

516 285 594 319 Ulla
617 294 692 325 pars
719 285 803 317 vitae
827 284 890 316 sibi
914 282 1110 323 praeteiibat

606 331 716 364 Inscia
741 340 843 365 curae.

457 400 487 431 6.
516 398 565 431 Sit.
587 398 674 437 patri
697 406 816 429 summo
841 396 1010 437 genitoque
1036 397 1146 435 virtus,

513 444 650 477 Flamini
675 447 795 484 saneto,
821 443 908 475 Deus
932 451 1012 475 unus
1042 447 1161 483 auctor,

516 495 638 526 cuncta
660 492 714 531 qui
738 494 817 523 nutu
839 490 923 531 regis
948 494 981 522 et
1003 490 1162 530 gubernas

608 537 766 578 Tempora
791 538 930 570 vincenS.

269 633 353 661 Brev.
377 632 595 660 Carmelitarum
613 632 682 666 imp.
703 631 837 659 Venetiis
859 628 940 658 1579.

617 750 679 781 184.
708 750 752 781 De
772 749 897 781 Andrea
915 750 1075 790 Episcopo.

741 827 790 857 Ad
808 827 938 858 Laudes.

458 898 488 931 1.
516 897 649 936 Christe,
678 897 813 929 Carmeli
840 897 934 928 decus
960 900 1055 935 atque
1079 905 1197 938 noi-ma,

518 944 676 976 Gaudium
700 944 827 983 mentis,
853 944 982 984 pietatis
1006 947 1126 986 auctor,

515 992 620 1029 Porta,
648 999 709 1029 qua
735 991 837 1023 coelos
862 991 1025 1031 gradimur
1045 999 1192 1032 superne,

610 1038 732 1077 Accipe
755 1041 838 1072 vota.

460 1104 489 1137 2.
516 1103 606 1134 Haeo
631 1106 723 1135 erunt
747 1103 837 1134 nobis
864 1103 1055 1136 celebranda
1079 1112 1216 1144 semper,

516 1149 580 1181 Hie
606 1150 672 1182 dies
697 1149 788 1182 nobis
814 1152 1036 1183 memorandus
1061 1155 1156 1190 atque

516 1197 641 1238 Festus,
668 1197 819 1230 Andreae
842 1197 983 1230 referens
1010 1198 1095 1230 beati

611 1246 727 1277 Annua
751 1253 851 1276 sacra.

459 1311 491 1343 3.
517 1309 580 1342 Ille
602 1312 754 1343 mortales
778 1309 903 1350 fugiens
927 1310 1074 1351 honores,

516 1357 641 1389 Saeculi
664 1366 818 1396 spernens
842 1356 967 1398 fragilis
992 1358 1181 1402 triumphos,

515 1404 631 1435 Matris
656 1404 795 1436 intactae
816 1404 941 1444 juvenis
966 1405 1100 1444 pudieus

615 1451 762 1484 Claustra
786 1451 915 1484 subivit.

461 1518 493 1549 4.
522 1517 664 1549 Candido
690 1517 839 1557 splendet
863 1518 1009 1556 scapulas
1034 1519 1161 1562 amictu,

519 1564 561 1595 Et
588 1566 683 1604 caput
706 1565 835 1604 gemmis
856 1564 1002 1597 diadema
1027 1564 1151 1606 fulgens

517 1611 625 1654 Ornat,
652 1613 797 1643 aeternos
822 1609 964 1644 referens
989 1613 1124 1645 honores

609 1658 710 1690 Hoste
732 1659 867 1698 sepulto.

461 1726 492 1757 5.
520 1725 569 1757 Sit
592 1724 678 1763 patri
702 1733 822 1756 summo
848 1725 1015 1765 genitoque
1034 1726 1147 1769 virtus,

516 1771 655 1803 Flamini
680 1774 800 1810 saneto,
826 1771 913 1804 Dens
938 1781 1018 1805 unus
1042 1776 1161 1814 auctor,

518 1819 638 1852 Cuncta
663 1820 717 1859 qui
737 1822 816 1851 nutu
840 1820 924 1861 regis
951 1823 981 1852 et
1006 1821 1164 1860 gubernas

611 1867 770 1906 Tempora
793 1868 933 1899 vincens.

273 1960 355 1986 Brev.
378 1958 598 1986 Carmelitarum
619 1960 688 1994 irnp.
708 1960 841 1987 Venetiis
864 1957 946 1987 1579.

658 2078 719 2110 1852
747 2079 791 2111 De
811 2081 923 2112 saneta
941 2081 1038 2113 Anna.

737 2146 785 2176 Ad
805 2148 961 2186 Vesperas.

199 2214 213 2247 1
224 2239 229 2245 .
258 2214 370 2245 Annae
393 2212 507 2246 festum
535 2223 604 2246 cum
630 2215 745 2256 gaudio
880 2219 911 2251 2,
939 2217 1034 2249 Anna
1059 2221 1177 2259 spreta,
1206 2222 1290 2260 quod
1314 2223 1446 2268 sterilis,

255 2259 413 2292 Praesens
439 2261 579 2294 celebret
604 2263 722 2300 concio,
938 2265 1082 2296 Tandem
1108 2265 1144 2297 fit
1164 2267 1237 2306 J'ure
1263 2268 1408 2309 celebris,

256 2309 302 2342 Ut,
323 2308 437 2349 jungas
461 2313 582 2341 mentes
607 2319 645 2342 vo
650 2310 746 2353 cibus,
939 2311 1035 2352 CuJ'us
1062 2313 1136 2346 tulit
1159 2316 1347 2355 opprobium

258 2356 376 2399 Veni,
403 2359 575 2389 creator
599 2357 794 2398 spiritus.
933 2359 1060 2405 Deus,
1090 2364 1261 2395 creator
1286 2366 1478 2402 omnium.
