1653 2637
135 211 167 243 3.
193 210 288 242 Illum
313 209 404 241 novit
427 211 603 242 creatorem
823 211 856 245 4.

197 257 261 290 Hic
284 257 387 289 laetus
412 258 485 291 alvo
510 258 659 298 gestiens,

198 306 295 345 Quem
322 303 440 337 dedisti
464 306 699 345 redemptorem

195 353 309 386 Puella
332 356 444 385 ventre
471 352 629 387 deferens.

882 210 945 243 Hic
969 209 1063 241 tersit
1086 209 1197 241 mundi
1223 210 1367 252 crimina,

879 258 1017 290 Peccata
1042 256 1301 298 delinquentium,

881 305 1001 337 Nostra
1024 304 1099 336 tulit
1122 303 1266 338 facinora

879 352 982 394 Super
1006 362 1041 384 se
1064 352 1170 384 lumen
1194 353 1344 393 gentium.

479 411 511 445 5.
536 408 717 442 Laudemus
741 411 824 442 hanc
847 412 879 442 et
901 409 1010 450 filium,

536 457 603 490 Nos
627 458 761 491 visitans
785 457 989 501 praesidium,

536 504 756 538 Glorificemus
779 506 905 537 unicum

539 552 668 585 Patrem
694 556 725 585 et
749 556 892 585 sanctum
917 552 1074 593 spiritum.

217 620 302 647 Brev.
326 617 630 648 Gallicano-Siculum
649 620 719 653 imp.
740 618 871 647 Venetiis
893 617 975 646 1527.

556 711 616 744 103.
644 711 688 743 De
708 711 930 744 Purificatione
949 711 1037 742 BMV.

144 773 177 806 1.
204 772 319 816 Maria,
346 773 448 816 virgo,
473 773 641 815 virginum,
824 773 856 807 4.

200 821 287 860 Quae
312 821 448 860 genuisti
473 821 642 853 Dominum

201 868 276 901 Sine
300 868 387 900 virili
412 869 540 911 semine,

200 916 318 948 Verum
342 915 448 948 lumen
475 917 513 948 de
537 917 663 948 lumine.

144 974 174 1005 2.
202 973 300 1012 Quem
327 972 379 1005 die
404 973 647 1013 quadragesimo
828 975 859 1006 5.

201 1020 460 1060 Repraesentasti
486 1020 518 1052 in
543 1021 673 1060 templo,

202 1069 376 1100 Turturum
400 1067 497 1108 pullis
522 1067 682 1100 redimens

202 1116 249 1148 Et.
271 1116 374 1156 1egem
396 1115 520 1154 Moysis
545 1116 690 1155 implens.

145 1175 177 1207 3,
203 1173 294 1204 Tunc
319 1171 446 1204 Simeon
472 1171 632 1204 Christum
656 1173 756 1214 novit,
829 1174 859 1207 6.

203 1220 285 1252 Dum
311 1219 444 1259 spiritus
469 1228 575 1251 senem
601 1220 708 1263 movit,

204 1266 327 1308 Spiritu
351 1266 385 1298 in
410 1268 563 1307 templum
589 1268 677 1299 venit

201 1315 247 1347 Et,
271 1314 412 1355 gaudens
436 1315 527 1347 iilum
552 1315 700 1356 suscepit.

885 772 961 805 Cum
980 771 1140 804 Christum
1164 773 1197 805 in
1222 772 1306 805 ulnis
1331 774 1448 813 portat,

884 820 921 852 In
949 829 1029 860 pace
1056 819 1174 852 dimitti
1198 823 1278 861 orat,

884 867 1006 900 Lumen
1031 868 1168 908 gentium
1194 867 1372 908 praedicat,

887 915 1015 947 Cantico
1042 924 1109 947 cum
1135 915 1237 947 Deum
1262 916 1382 949 laudat.

886 972 990 1005 Senex
1012 982 1146 1012 puerum
1170 973 1312 1014 gerebat,

888 1020 951 1053 Sed
976 1029 1056 1059 puer
1080 1028 1187 1052 senem
1211 1020 1350 1064 regebat,

885 1067 969 1099 Dum
996 1070 1175 1107 portantem
1202 1070 1316 1099 cuncta
1341 1068 1435 1110 gerit,

884 1115 1002 1147 Matris
1029 1115 1170 1148 dolorem
1194 1115 1363 1155 praedicit.

888 1172 965 1205 Cum
990 1172 1111 1211 positus
1137 1173 1169 1204 in
1194 1173 1318 1205 ruinam

884 1219 1044 1252 Morietur
1067 1219 1121 1252 hic
1144 1219 1240 1261 filius,

888 1267 989 1299 Tuam
1013 1267 1113 1307 ipsius
1138 1267 1274 1300 animam

887 1314 979 1347 Tunc
1000 1315 1211 1354 pertransibit
1234 1316 1369 1357 gladius.

534 1374 563 1406 7.
589 1373 748 1413 Rogemus
773 1375 906 1404 matrem
931 1372 1043 1412 populi

591 1421 654 1453 Per
677 1421 858 1460 passionem
882 1419 951 1460 filii,

591 1468 635 1500 Ut
663 1468 758 1499 vitam
782 1468 874 1500 nobis
899 1468 1050 1508 impetret

590 1515 636 1547 Et.
657 1515 891 1556 indulgentiam
916 1516 1022 1550 donet,

220 1583 301 1611 Orat.
326 1590 380 1609 ms.
400 1582 568 1609 Thosanum
595 1590 670 1610 saec.
694 1579 737 1609 15.
780 1581 848 1609 Cod.
870 1581 1036 1609 Bruxellen.
1063 1578 1147 1609 4948.
1176 1595 1211 1600 --
1239 1582 1298 1609 Das
1321 1581 1397 1610 Lied
1419 1583 1459 1610 ist

145 1622 178 1648 in
198 1621 248 1649 der
267 1621 322 1648 Hs.
344 1620 389 1648 als
409 1620 535 1655 hymnus
553 1620 726 1648 bezeichnet
744 1620 805 1648 und
823 1622 903 1655 tr'z'xgt
922 1619 997 1648 auch
1016 1620 1066 1648 die
1084 1620 1308 1653 Hymnenform.

569 1703 633 1734 104.
664 1704 699 1734 In
712 1702 936 1735 Purificatione
957 1702 1045 1735 BMV.

153 1767 183 1799 1.
210 1765 362 1798 Exsultet
386 1773 479 1797 omne
503 1765 662 1796 saeculum

211 1813 287 1845 Lati
311 1822 370 1853 per
395 1812 480 1844 orbis
508 1812 672 1853 circulum,

210 1861 372 1902 Hymnum
399 1862 491 1893 canat
517 1859 730 1903 concentibus,

210 1909 287 1949 Quis
312 1918 373 1941 non
401 1911 510 1949 stupet
536 1909 576 1941 de
601 1907 729 1940 talibus.

153 1969 184 2000 2.
213 1968 290 2001 Cum
316 1968 410 2007 pater
435 1965 577 1999 formans
603 1966 709 1998 omnia

213 2014 384 2048 Formatus
411 2018 460 2047 est
485 2023 524 2046 ex
547 2013 666 2046 femina

212 2063 309 2096 Nullo
335 2062 421 2095 virili
446 2063 574 2101 semine,

211 2111 277 2146 Sed
305 2113 393 2144 casta
416 2113 510 2144 natus
536 2111 671 2152 virgine.

839 1767 870 1800 3.
894 1765 950 1797 Fit
972 1774 1089 1805 parvus
1114 1766 1167 1797 hic
1190 1764 1366 1797 infantulus

897 1812 1064 1852 Subjectus
1091 1816 1122 1844 et
1146 1814 1345 1854 parentibus,

898 1860 1055 1893 Observat
1080 1863 1112 1892 et
1134 1861 1252 1902 legalia

895 1908 1034 1941 Nostrae
1058 1909 1169 1941 salutis
1196 1909 1309 1949 gratia.

838 1968 869 2000 4.
898 1966 995 2005 Quem
1021 1966 1147 1999 Simeon
1173 1969 1368 2010 susceperat,

897 2015 992 2047 Anna
1018 2015 1253 2056 decantaverat,

898 2063 998 2096 Aetas
1024 2066 1080 2095 aut
1104 2072 1198 2096 sexus
1224 2063 1381 2106 concinat,

895 2111 967 2144 Jam
995 2110 1139 2144 Christus
1164 2112 1350 2145 advenerat.

508 2171 538 2203 5.
567 2169 626 2202 Cui
650 2169 730 2209 laus,
757 2170 911 2209 potestas,
938 2169 1041 2209 gloria

564 2218 628 2251 Per
652 2218 850 2249 saeculorum
876 2218 1014 2257 saecula,

567 2265 627 2305 Qui
652 2268 765 2305 regnat
787 2274 868 2297 unus
893 2266 1021 2298 numine

568 2314 644 2347 Cum
670 2316 764 2354 patre
790 2316 822 2344 et
846 2316 956 2346 sancto
980 2316 1160 2355 pneumate,

230 2380 299 2410 Cod.
316 2380 484 2417 Sangallen.
499 2379 564 2409 898.
586 2389 661 2409 saec.
677 2377 749 2409 1⁰l11.
765 2394 799 2399 ——
816 2380 877 2408 Der
888 2380 1024 2416 Hymnus
1039 2383 1080 2409 ist
1091 2382 1169 2410 wohl
1182 2390 1242 2410 von
1261 2382 1381 2410 Berno
1401 2389 1468 2408 von

151 2418 217 2448 Rei
226 2420 317 2447 chen
325 2428 384 2453 au,
404 2423 490 2448 unter
510 2420 615 2448 dessen
634 2419 765 2448 Werken
785 2428 816 2447 er
837 2418 922 2448 steht.

1254 2466 1299 2497 5*
