<?xml version="1.0" encoding="UTF-8"?>
<!DOCTYPE html PUBLIC "-//W3C//DTD XHTML 1.0 Transitional//EN"
    "http://www.w3.org/TR/xhtml1/DTD/xhtml1-transitional.dtd">
<html xmlns="http://www.w3.org/1999/xhtml" xml:lang="en" lang="en">
 <head>
  <title>
</title>
<meta http-equiv="Content-Type" content="text/html;charset=utf-8" />
  <meta name='ocr-system' content='tesseract 3.04.00' />
  <meta name='ocr-capabilities' content='ocr_page ocr_carea ocr_par ocr_line ocrx_word'/>
</head>
<body>
  <div class='ocr_page' id='page_1' title='image "./analectahymnica23drevuoft_00050.png"; bbox 0 0 1653 2637; ppageno 0'>
   <div class='ocr_carea' id='block_1_1' title="bbox 270 2082 324 2116">
    <p class='ocr_par' dir='ltr' id='par_1_1' title="bbox 270 2082 324 2116">
     <span class='ocr_line' id='line_1_1' title="bbox 270 2082 324 2116; baseline -0.019 0"><span class='ocrx_word' id='word_1_1' title='bbox 270 2082 324 2116; x_wconf 87' lang='grc'>10.</span> 
     </span>
    </p>
   </div>
   <div class='ocr_carea' id='block_1_2' title="bbox 269 2284 324 2319">
    <p class='ocr_par' dir='ltr' id='par_1_2' title="bbox 269 2284 324 2319">
     <span class='ocr_line' id='line_1_2' title="bbox 269 2284 324 2319; baseline -0.055 0"><span class='ocrx_word' id='word_1_2' title='bbox 269 2284 324 2319; x_wconf 88' lang='grc'>11.</span> 
     </span>
    </p>
   </div>
   <div class='ocr_carea' id='block_1_3' title="bbox 629 116 864 152">
    <p class='ocr_par' dir='ltr' id='par_1_3' title="bbox 629 116 864 152">
     <span class='ocr_line' id='line_1_3' title="bbox 629 116 864 152; baseline 0 -10"><span class='ocrx_word' id='word_1_3' title='bbox 629 116 864 152; x_wconf 69' lang='lat'>-47—</span> 
     </span>
    </p>
   </div>
   <div class='ocr_carea' id='block_1_4' title="bbox 517 210 980 250">
    <p class='ocr_par' dir='ltr' id='par_1_4' title="bbox 517 210 980 250">
     <span class='ocr_line' id='line_1_4' title="bbox 517 210 980 250; baseline -0.004 -8"><span class='ocrx_word' id='word_1_4' title='bbox 517 211 565 242; x_wconf 81' lang='lat'>72.</span> <span class='ocrx_word' id='word_1_5' title='bbox 594 212 638 242; x_wconf 86' lang='lat' dir='ltr'>De</span> <span class='ocrx_word' id='word_1_6' title='bbox 658 210 764 242; x_wconf 79' lang='lat' dir='ltr'>eodem</span> <span class='ocrx_word' id='word_1_7' title='bbox 783 211 980 250; x_wconf 78' lang='lat' dir='ltr'>Argumento.</span> 
     </span>
    </p>
   </div>
   <div class='ocr_carea' id='block_1_5' title="bbox 345 271 1106 459">
    <p class='ocr_par' dir='ltr' id='par_1_5' title="bbox 349 271 1106 314">
     <span class='ocr_line' id='line_1_5' title="bbox 349 271 1106 314; baseline -0.001 -9"><span class='ocrx_word' id='word_1_8' title='bbox 349 272 485 314; x_wconf 84' lang='lat' dir='ltr'>Christe,</span> <span class='ocrx_word' id='word_1_9' title='bbox 511 282 570 304; x_wconf 82' lang='lat' dir='ltr'>rex</span> <span class='ocrx_word' id='word_1_10' title='bbox 593 281 713 314; x_wconf 81' lang='lat' dir='ltr'>regum,</span> <span class='ocrx_word' id='word_1_11' title='bbox 740 271 903 305; x_wconf 84' lang='lat' dir='ltr'>dominans</span> <span class='ocrx_word' id='word_1_12' title='bbox 926 273 961 304; x_wconf 89' lang='lat' dir='ltr'>in</span> <span class='ocrx_word' id='word_1_13' title='bbox 984 281 1106 312; x_wconf 87' lang='lat' dir='ltr'>aevum,</span> 
     </span>
    </p>

    <p class='ocr_par' dir='ltr' id='par_1_6' title="bbox 345 319 1065 361">
     <span class='ocr_line' id='line_1_6' title="bbox 345 319 1065 361; baseline 0 -10"><span class='ocrx_word' id='word_1_14' title='bbox 345 319 467 351; x_wconf 85' lang='lat' dir='ltr'><strong>Lumen</strong></span> <span class='ocrx_word' id='word_1_15' title='bbox 493 322 655 353; x_wconf 86' lang='lat' dir='ltr'>aeternum</span> <span class='ocrx_word' id='word_1_16' title='bbox 679 319 781 361; x_wconf 84' lang='lat' dir='ltr'>patris</span> <span class='ocrx_word' id='word_1_17' title='bbox 805 322 900 360; x_wconf 89' lang='lat' dir='ltr'>atque</span> <span class='ocrx_word' id='word_1_18' title='bbox 924 319 1065 360; x_wconf 87' lang='lat' dir='ltr'>verbum,</span> 
     </span>
    </p>

    <p class='ocr_par' dir='ltr' id='par_1_7' title="bbox 349 366 1020 459">
     <span class='ocr_line' id='line_1_7' title="bbox 349 366 1020 408; baseline -0.001 -8"><span class='ocrx_word' id='word_1_19' title='bbox 349 366 409 406; x_wconf 78' lang='lat' dir='ltr'>Qui</span> <span class='ocrx_word' id='word_1_20' title='bbox 433 367 518 407; x_wconf 84' lang='lat' dir='ltr'>regis</span> <span class='ocrx_word' id='word_1_21' title='bbox 545 370 690 400; x_wconf 87' lang='lat' dir='ltr'>cunctum</span> <span class='ocrx_word' id='word_1_22' title='bbox 715 369 836 408; x_wconf 80' lang='lat' dir='ltr'>pietate</span> <span class='ocrx_word' id='word_1_23' title='bbox 859 368 1020 408; x_wconf 83' lang='lat' dir='ltr'>mundum,</span> 
     </span>
     <span class='ocr_line' id='line_1_8' title="bbox 392 414 693 459; baseline 0.007 -13"><span class='ocrx_word' id='word_1_24' title='bbox 392 414 512 447; x_wconf 82' lang='lat' dir='ltr'>Factor</span> <span class='ocrx_word' id='word_1_25' title='bbox 537 418 693 459; x_wconf 81' lang='lat' dir='ltr'>egentum,</span> 
     </span>
    </p>
   </div>
   <div class='ocr_carea' id='block_1_6' title="bbox 347 471 1104 848">
    <p class='ocr_par' dir='ltr' id='par_1_8' title="bbox 349 471 1001 514">
     <span class='ocr_line' id='line_1_9' title="bbox 349 471 1001 514; baseline 0 -9"><span class='ocrx_word' id='word_1_26' title='bbox 349 471 508 505; x_wconf 82' lang='lat' dir='ltr'>Flebilem</span> <span class='ocrx_word' id='word_1_27' title='bbox 531 473 664 504; x_wconf 89' lang='lat' dir='ltr'>multum</span> <span class='ocrx_word' id='word_1_28' title='bbox 689 474 841 505; x_wconf 89' lang='lat' dir='ltr'>miserere</span> <span class='ocrx_word' id='word_1_29' title='bbox 865 482 1001 514; x_wconf 84' lang='lat' dir='ltr'>servum,</span> 
     </span>
    </p>

    <p class='ocr_par' dir='ltr' id='par_1_9' title="bbox 347 521 1034 562">
     <span class='ocr_line' id='line_1_10' title="bbox 347 521 1034 562; baseline 0 -10"><span class='ocrx_word' id='word_1_30' title='bbox 347 521 458 553; x_wconf 85' lang='lat' dir='ltr'>Mente</span> <span class='ocrx_word' id='word_1_31' title='bbox 484 523 666 560; x_wconf 88' lang='lat' dir='ltr'>corruptum</span> <span class='ocrx_word' id='word_1_32' title='bbox 691 529 839 552; x_wconf 88' lang='lat' dir='ltr'>recreans</span> <span class='ocrx_word' id='word_1_33' title='bbox 864 521 1034 562; x_wconf 86' lang='lat' dir='ltr'>alumnum,</span> 
     </span>
    </p>

    <p class='ocr_par' dir='ltr' id='par_1_10' title="bbox 348 568 980 656">
     <span class='ocr_line' id='line_1_11' title="bbox 348 568 980 601; baseline 0 -1"><span class='ocrx_word' id='word_1_34' title='bbox 348 568 400 600; x_wconf 81' lang='lat' dir='ltr'>Sis</span> <span class='ocrx_word' id='word_1_35' title='bbox 423 577 546 601; x_wconf 85' lang='lat' dir='ltr'>memor</span> <span class='ocrx_word' id='word_1_36' title='bbox 572 568 689 600; x_wconf 75' lang='lat' dir='ltr'>dudum</span> <span class='ocrx_word' id='word_1_37' title='bbox 715 568 776 600; x_wconf 85' lang='lat' dir='ltr'>tibi</span> <span class='ocrx_word' id='word_1_38' title='bbox 799 571 980 600; x_wconf 77' lang='lat' dir='ltr'>recreatum</span> 
     </span>
     <span class='ocr_line' id='line_1_12' title="bbox 395 615 737 656; baseline -0.006 -8"><span class='ocrx_word' id='word_1_39' title='bbox 395 616 503 656; x_wconf 81' lang='lat' dir='ltr'><strong>Atque</strong></span> <span class='ocrx_word' id='word_1_40' title='bbox 527 615 737 656; x_wconf 85' lang='lat' dir='ltr'>redemptum.</span> 
     </span>
    </p>

    <p class='ocr_par' dir='ltr' id='par_1_11' title="bbox 352 672 1059 714">
     <span class='ocr_line' id='line_1_13' title="bbox 352 672 1059 714; baseline -0.001 -10"><span class='ocrx_word' id='word_1_41' title='bbox 352 673 420 705; x_wconf 84' lang='lat' dir='ltr'>Fac</span> <span class='ocrx_word' id='word_1_42' title='bbox 443 672 522 704; x_wconf 87' lang='lat' dir='ltr'>mihi</span> <span class='ocrx_word' id='word_1_43' title='bbox 547 672 680 714; x_wconf 82' lang='lat' dir='ltr'>signum,</span> <span class='ocrx_word' id='word_1_44' title='bbox 706 673 760 711; x_wconf 87' lang='lat' dir='ltr'>pie</span> <span class='ocrx_word' id='word_1_45' title='bbox 785 681 852 712; x_wconf 80' lang='lat' dir='ltr'>rex,</span> <span class='ocrx_word' id='word_1_46' title='bbox 879 672 1059 713; x_wconf 88' lang='lat' dir='ltr'>benignum,</span> 
     </span>
    </p>

    <p class='ocr_par' dir='ltr' id='par_1_12' title="bbox 349 719 1090 762">
     <span class='ocr_line' id='line_1_14' title="bbox 349 719 1090 762; baseline -0.003 -10"><span class='ocrx_word' id='word_1_47' title='bbox 349 720 430 759; x_wconf 78' lang='lat' dir='ltr'>Quin</span> <span class='ocrx_word' id='word_1_48' title='bbox 456 722 488 751; x_wconf 90' lang='lat' dir='ltr'>et</span> <span class='ocrx_word' id='word_1_49' title='bbox 511 719 685 762; x_wconf 84' lang='lat' dir='ltr'>indignum,</span> <span class='ocrx_word' id='word_1_50' title='bbox 712 728 798 760; x_wconf 86' lang='lat' dir='ltr'>rogo,</span> <span class='ocrx_word' id='word_1_51' title='bbox 825 719 926 752; x_wconf 83' lang='lat' dir='ltr'>redde</span> <span class='ocrx_word' id='word_1_52' title='bbox 952 720 1090 760; x_wconf 84' lang='lat' dir='ltr'>dignum,</span> 
     </span>
    </p>

    <p class='ocr_par' dir='ltr' id='par_1_13' title="bbox 348 767 1104 848">
     <span class='ocr_line' id='line_1_15' title="bbox 348 767 1104 809; baseline -0.003 -8"><span class='ocrx_word' id='word_1_53' title='bbox 348 768 394 801; x_wconf 85' lang='lat' dir='ltr'>Ut</span> <span class='ocrx_word' id='word_1_54' title='bbox 419 776 532 800; x_wconf 86' lang='lat' dir='ltr'>canam</span> <span class='ocrx_word' id='word_1_55' title='bbox 554 767 686 800; x_wconf 73' lang='lat' dir='ltr'>laudum</span> <span class='ocrx_word' id='word_1_56' title='bbox 709 767 779 809; x_wconf 85' lang='lat' dir='ltr'>tibi,</span> <span class='ocrx_word' id='word_1_57' title='bbox 806 767 942 806; x_wconf 82' lang='lat' dir='ltr'><strong>Christe,</strong></span> <span class='ocrx_word' id='word_1_58' title='bbox 966 770 1104 799; x_wconf 89' lang='lat' dir='ltr'>metrum</span> 
     </span>
     <span class='ocr_line' id='line_1_16' title="bbox 396 815 749 848; baseline -0.003 0"><span class='ocrx_word' id='word_1_59' title='bbox 396 815 489 848; x_wconf 84' lang='lat' dir='ltr'>Nunc</span> <span class='ocrx_word' id='word_1_60' title='bbox 514 818 546 847; x_wconf 88' lang='lat' dir='ltr'>et</span> <span class='ocrx_word' id='word_1_61' title='bbox 569 815 604 846; x_wconf 88' lang='lat' dir='ltr'>in</span> <span class='ocrx_word' id='word_1_62' title='bbox 628 823 749 847; x_wconf 86' lang='lat' dir='ltr'>aevum.</span> 
     </span>
    </p>
   </div>
   <div class='ocr_carea' id='block_1_7' title="bbox 348 872 1041 1049">
    <p class='ocr_par' dir='ltr' id='par_1_14' title="bbox 352 872 1041 915">
     <span class='ocr_line' id='line_1_17' title="bbox 352 872 1041 915; baseline -0.004 -9"><span class='ocrx_word' id='word_1_63' title='bbox 352 873 501 915; x_wconf 84' lang='lat' dir='ltr'>Corrigas</span> <span class='ocrx_word' id='word_1_64' title='bbox 526 873 639 913; x_wconf 82' lang='lat' dir='ltr'>ipsam,</span> <span class='ocrx_word' id='word_1_65' title='bbox 665 881 789 912; x_wconf 81' lang='lat' dir='ltr'>precor,</span> <span class='ocrx_word' id='word_1_66' title='bbox 815 872 906 913; x_wconf 87' lang='lat' dir='ltr'>alme,</span> <span class='ocrx_word' id='word_1_67' title='bbox 934 873 1041 913; x_wconf 80' lang='lat' dir='ltr'>vitam,</span> 
     </span>
    </p>

    <p class='ocr_par' dir='ltr' id='par_1_15' title="bbox 348 920 981 961">
     <span class='ocr_line' id='line_1_18' title="bbox 348 920 981 961; baseline -0.003 -8"><span class='ocrx_word' id='word_1_68' title='bbox 348 921 482 953; x_wconf 76' lang='lat' dir='ltr'>Fraude</span> <span class='ocrx_word' id='word_1_69' title='bbox 508 920 665 953; x_wconf 80' lang='lat' dir='ltr'>devictam</span> <span class='ocrx_word' id='word_1_70' title='bbox 689 920 839 960; x_wconf 75' lang='lat' dir='ltr'>vitiisque</span> <span class='ocrx_word' id='word_1_71' title='bbox 861 921 981 961; x_wconf 82' lang='lat' dir='ltr'>tritam,</span> 
     </span>
    </p>

    <p class='ocr_par' dir='ltr' id='par_1_16' title="bbox 351 968 997 1049">
     <span class='ocr_line' id='line_1_19' title="bbox 351 968 997 1011; baseline -0.006 -8"><span class='ocrx_word' id='word_1_72' title='bbox 351 970 397 1003; x_wconf 88' lang='lat' dir='ltr'>Ut</span> <span class='ocrx_word' id='word_1_73' title='bbox 420 969 481 1001; x_wconf 86' lang='lat' dir='ltr'>tibi</span> <span class='ocrx_word' id='word_1_74' title='bbox 507 969 643 1009; x_wconf 84' lang='lat' dir='ltr'>dignam,</span> <span class='ocrx_word' id='word_1_75' title='bbox 670 969 768 1011; x_wconf 84' lang='lat' dir='ltr'>Deus,</span> <span class='ocrx_word' id='word_1_76' title='bbox 796 968 997 1008; x_wconf 82' lang='lat' dir='ltr'>obsequelam</span> 
     </span>
     <span class='ocr_line' id='line_1_20' title="bbox 399 1015 747 1049; baseline -0.003 0"><span class='ocrx_word' id='word_1_77' title='bbox 399 1015 470 1049; x_wconf 83' lang='lat' dir='ltr'>Jam</span> <span class='ocrx_word' id='word_1_78' title='bbox 495 1015 589 1048; x_wconf 89' lang='lat' dir='ltr'>modo</span> <span class='ocrx_word' id='word_1_79' title='bbox 616 1016 747 1049; x_wconf 87' lang='lat' dir='ltr'>solvam.</span> 
     </span>
    </p>
   </div>
   <div class='ocr_carea' id='block_1_8' title="bbox 349 1072 1162 1256">
    <p class='ocr_par' dir='ltr' id='par_1_17' title="bbox 349 1072 1162 1210">
     <span class='ocr_line' id='line_1_21' title="bbox 354 1072 1162 1114; baseline -0.004 -8"><span class='ocrx_word' id='word_1_80' title='bbox 354 1074 466 1106; x_wconf 82' lang='lat' dir='ltr'>Tende</span> <span class='ocrx_word' id='word_1_81' title='bbox 488 1074 696 1114; x_wconf 83' lang='lat' dir='ltr'>praecelsam,</span> <span class='ocrx_word' id='word_1_82' title='bbox 722 1080 847 1113; x_wconf 84' lang='lat' dir='ltr'>precor,</span> <span class='ocrx_word' id='word_1_83' title='bbox 873 1074 992 1112; x_wconf 85' lang='lat' dir='ltr'>sancte,</span> <span class='ocrx_word' id='word_1_84' title='bbox 1018 1072 1162 1104; x_wconf 75' lang='lat' dir='ltr'>dextram</span> 
     </span>
     <span class='ocr_line' id='line_1_22' title="bbox 349 1120 1009 1162; baseline -0.002 -9"><span class='ocrx_word' id='word_1_85' title='bbox 349 1122 395 1154; x_wconf 84' lang='lat' dir='ltr'>Et</span> <span class='ocrx_word' id='word_1_86' title='bbox 418 1120 495 1162; x_wconf 80' lang='lat' dir='ltr'>fuga</span> <span class='ocrx_word' id='word_1_87' title='bbox 519 1120 648 1154; x_wconf 75' lang='lat' dir='ltr'>foedam</span> <span class='ocrx_word' id='word_1_88' title='bbox 669 1121 853 1161; x_wconf 86' lang='lat' dir='ltr'>variamque</span> <span class='ocrx_word' id='word_1_89' title='bbox 876 1121 1009 1161; x_wconf 85' lang='lat' dir='ltr'>lepram,</span> 
     </span>
     <span class='ocr_line' id='line_1_23' title="bbox 350 1167 1001 1210; baseline -0.002 -9"><span class='ocrx_word' id='word_1_90' title='bbox 350 1169 441 1201; x_wconf 88' lang='lat' dir='ltr'>Pelle</span> <span class='ocrx_word' id='word_1_91' title='bbox 458 1170 526 1209; x_wconf 85' lang='lat' dir='ltr'>jam</span> <span class='ocrx_word' id='word_1_92' title='bbox 550 1177 675 1210; x_wconf 81' lang='lat' dir='ltr'>noxam,</span> <span class='ocrx_word' id='word_1_93' title='bbox 702 1168 833 1200; x_wconf 88' lang='lat' dir='ltr'>nimium</span> <span class='ocrx_word' id='word_1_94' title='bbox 857 1167 1001 1201; x_wconf 85' lang='lat' dir='ltr'>nocivam</span> 
     </span>
    </p>

    <p class='ocr_par' dir='ltr' id='par_1_18' title="bbox 399 1216 661 1256">
     <span class='ocr_line' id='line_1_24' title="bbox 399 1216 661 1256; baseline -0.004 -6"><span class='ocrx_word' id='word_1_95' title='bbox 399 1217 502 1250; x_wconf 87' lang='lat' dir='ltr'>Delue</span> <span class='ocrx_word' id='word_1_96' title='bbox 527 1216 661 1256; x_wconf 86' lang='lat' dir='ltr'>culpam.</span> 
     </span>
    </p>
   </div>
   <div class='ocr_carea' id='block_1_9' title="bbox 347 1271 1035 1458">
    <p class='ocr_par' dir='ltr' id='par_1_19' title="bbox 348 1271 986 1316">
     <span class='ocr_line' id='line_1_25' title="bbox 348 1271 986 1316; baseline -0.006 -8"><span class='ocrx_word' id='word_1_97' title='bbox 348 1274 456 1315; x_wconf 81' lang='lat' dir='ltr'>Expia</span> <span class='ocrx_word' id='word_1_98' title='bbox 479 1282 609 1307; x_wconf 85' lang='lat' dir='ltr'>vernam</span> <span class='ocrx_word' id='word_1_99' title='bbox 636 1273 817 1313; x_wconf 79' lang='lat' dir='ltr'>reparando</span> <span class='ocrx_word' id='word_1_100' title='bbox 842 1271 986 1316; x_wconf 76' lang='lat' dir='ltr'>formam,</span> 
     </span>
    </p>

    <p class='ocr_par' dir='ltr' id='par_1_20' title="bbox 347 1321 933 1362">
     <span class='ocr_line' id='line_1_26' title="bbox 347 1321 933 1362; baseline -0.007 -6"><span class='ocrx_word' id='word_1_101' title='bbox 347 1322 476 1357; x_wconf 85' lang='lat' dir='ltr'>Exhibe</span> <span class='ocrx_word' id='word_1_102' title='bbox 501 1324 624 1362; x_wconf 83' lang='lat' dir='ltr'>gratam</span> <span class='ocrx_word' id='word_1_103' title='bbox 648 1322 741 1353; x_wconf 87' lang='lat' dir='ltr'>citius</span> <span class='ocrx_word' id='word_1_104' title='bbox 765 1321 933 1362; x_wconf 88' lang='lat' dir='ltr'>medelam,</span> 
     </span>
    </p>

    <p class='ocr_par' dir='ltr' id='par_1_21' title="bbox 349 1369 1035 1458">
     <span class='ocr_line' id='line_1_27' title="bbox 349 1369 1035 1409; baseline -0.003 -7"><span class='ocrx_word' id='word_1_105' title='bbox 349 1370 449 1403; x_wconf 86' lang='lat' dir='ltr'>Forte</span> <span class='ocrx_word' id='word_1_106' title='bbox 475 1378 516 1401; x_wconf 89' lang='lat' dir='ltr'>ne</span> <span class='ocrx_word' id='word_1_107' title='bbox 541 1372 677 1402; x_wconf 82' lang='lat' dir='ltr'>taetram</span> <span class='ocrx_word' id='word_1_108' title='bbox 701 1378 778 1401; x_wconf 86' lang='lat' dir='ltr'>ruar</span> <span class='ocrx_word' id='word_1_109' title='bbox 802 1369 836 1401; x_wconf 91' lang='lat' dir='ltr'>in</span> <span class='ocrx_word' id='word_1_110' title='bbox 860 1369 1035 1409; x_wconf 87' lang='lat' dir='ltr'>gehennam</span> 
     </span>
     <span class='ocr_line' id='line_1_28' title="bbox 397 1418 724 1458; baseline -0.006 -7"><span class='ocrx_word' id='word_1_111' title='bbox 397 1419 561 1451; x_wconf 86' lang='lat' dir='ltr'>Daemone</span> <span class='ocrx_word' id='word_1_112' title='bbox 584 1418 724 1458; x_wconf 81' lang='lat' dir='ltr'>plenam.</span> 
     </span>
    </p>
   </div>
   <div class='ocr_carea' id='block_1_10' title="bbox 348 1472 1122 1659">
    <p class='ocr_par' dir='ltr' id='par_1_22' title="bbox 348 1472 1122 1611">
     <span class='ocr_line' id='line_1_29' title="bbox 352 1472 1122 1515; baseline -0.004 -7"><span class='ocrx_word' id='word_1_113' title='bbox 352 1476 478 1515; x_wconf 82' lang='lat' dir='ltr'>Nempe</span> <span class='ocrx_word' id='word_1_114' title='bbox 501 1476 537 1507; x_wconf 83' lang='lat' dir='ltr'>tu</span> <span class='ocrx_word' id='word_1_115' title='bbox 560 1475 696 1515; x_wconf 79' lang='lat' dir='ltr'>pridem,</span> <span class='ocrx_word' id='word_1_116' title='bbox 722 1473 821 1513; x_wconf 86' lang='lat' dir='ltr'>Deus,</span> <span class='ocrx_word' id='word_1_117' title='bbox 847 1473 931 1506; x_wconf 83' lang='lat' dir='ltr'>hunc</span> <span class='ocrx_word' id='word_1_118' title='bbox 954 1474 988 1505; x_wconf 85' lang='lat' dir='ltr'>in</span> <span class='ocrx_word' id='word_1_119' title='bbox 1012 1472 1122 1505; x_wconf 87' lang='lat' dir='ltr'>orbem</span> 
     </span>
     <span class='ocr_line' id='line_1_30' title="bbox 348 1522 983 1564; baseline -0.005 -8"><span class='ocrx_word' id='word_1_120' title='bbox 348 1525 502 1564; x_wconf 74' lang='lat' dir='ltr'>veneras,</span> <span class='ocrx_word' id='word_1_121' title='bbox 529 1531 652 1555; x_wconf 89' lang='lat' dir='ltr'>omnem</span> <span class='ocrx_word' id='word_1_122' title='bbox 677 1530 824 1554; x_wconf 85' lang='lat' dir='ltr'>recreare</span> <span class='ocrx_word' id='word_1_123' title='bbox 847 1522 983 1561; x_wconf 88' lang='lat' dir='ltr'>plebem,</span> 
     </span>
     <span class='ocr_line' id='line_1_31' title="bbox 351 1570 983 1611; baseline -0.005 -7"><span class='ocrx_word' id='word_1_124' title='bbox 351 1571 505 1605; x_wconf 78' lang='lat' dir='ltr'>Omnibus</span> <span class='ocrx_word' id='word_1_125' title='bbox 530 1579 642 1611; x_wconf 85' lang='lat' dir='ltr'>pacem</span> <span class='ocrx_word' id='word_1_126' title='bbox 666 1571 857 1611; x_wconf 85' lang='lat' dir='ltr'>populisque</span> <span class='ocrx_word' id='word_1_127' title='bbox 881 1570 983 1601; x_wconf 87' lang='lat' dir='ltr'>lucem</span> 
     </span>
    </p>

    <p class='ocr_par' dir='ltr' id='par_1_23' title="bbox 397 1620 691 1659">
     <span class='ocr_line' id='line_1_32' title="bbox 397 1620 691 1659; baseline 0 -7"><span class='ocrx_word' id='word_1_128' title='bbox 397 1620 484 1652; x_wconf 81' lang='lat' dir='ltr'>Fore</span> <span class='ocrx_word' id='word_1_129' title='bbox 506 1627 691 1659; x_wconf 83' lang='lat' dir='ltr'>perennem.</span> 
     </span>
    </p>
   </div>
   <div class='ocr_carea' id='block_1_11' title="bbox 349 1675 1047 1861">
    <p class='ocr_par' dir='ltr' id='par_1_24' title="bbox 351 1675 1047 1719">
     <span class='ocr_line' id='line_1_33' title="bbox 351 1675 1047 1719; baseline -0.007 -9"><span class='ocrx_word' id='word_1_130' title='bbox 351 1678 463 1719; x_wconf 80' lang='lat' dir='ltr'>Tuque</span> <span class='ocrx_word' id='word_1_131' title='bbox 486 1676 662 1714; x_wconf 87' lang='lat' dir='ltr'>mortalem,</span> <span class='ocrx_word' id='word_1_132' title='bbox 690 1675 776 1707; x_wconf 90' lang='lat' dir='ltr'>Deus</span> <span class='ocrx_word' id='word_1_133' title='bbox 802 1675 893 1715; x_wconf 87' lang='lat' dir='ltr'>alme,</span> <span class='ocrx_word' id='word_1_134' title='bbox 921 1682 1047 1706; x_wconf 87' lang='lat' dir='ltr'>carnem</span> 
     </span>
    </p>

    <p class='ocr_par' dir='ltr' id='par_1_25' title="bbox 351 1722 1035 1767">
     <span class='ocr_line' id='line_1_34' title="bbox 351 1722 1035 1767; baseline -0.006 -10"><span class='ocrx_word' id='word_1_135' title='bbox 351 1725 540 1764; x_wconf 82' lang='lat' dir='ltr'>Sumpseras</span> <span class='ocrx_word' id='word_1_136' title='bbox 562 1724 657 1767; x_wconf 85' lang='lat' dir='ltr'>idem,</span> <span class='ocrx_word' id='word_1_137' title='bbox 685 1724 777 1756; x_wconf 91' lang='lat' dir='ltr'>homo</span> <span class='ocrx_word' id='word_1_138' title='bbox 803 1722 906 1755; x_wconf 85' lang='lat' dir='ltr'>factus</span> <span class='ocrx_word' id='word_1_139' title='bbox 931 1725 1035 1754; x_wconf 90' lang='lat' dir='ltr'>autem</span> 
     </span>
    </p>

    <p class='ocr_par' dir='ltr' id='par_1_26' title="bbox 349 1770 1008 1861">
     <span class='ocr_line' id='line_1_35' title="bbox 349 1770 1008 1805; baseline -0.005 0"><span class='ocrx_word' id='word_1_140' title='bbox 349 1773 497 1805; x_wconf 78' lang='lat' dir='ltr'>Fuderas</span> <span class='ocrx_word' id='word_1_141' title='bbox 525 1771 649 1804; x_wconf 84' lang='lat' dir='ltr'>dulcem</span> <span class='ocrx_word' id='word_1_142' title='bbox 672 1772 766 1803; x_wconf 86' lang='lat' dir='ltr'>simul</span> <span class='ocrx_word' id='word_1_143' title='bbox 792 1773 825 1802; x_wconf 89' lang='lat' dir='ltr'>et</span> <span class='ocrx_word' id='word_1_144' title='bbox 848 1770 1008 1802; x_wconf 83' lang='lat' dir='ltr'>salubrem</span> 
     </span>
     <span class='ocr_line' id='line_1_36' title="bbox 400 1820 700 1861; baseline -0.01 -8"><span class='ocrx_word' id='word_1_145' title='bbox 400 1820 521 1861; x_wconf 83' lang='lat' dir='ltr'>Sponte</span> <span class='ocrx_word' id='word_1_146' title='bbox 546 1827 700 1851; x_wconf 89' lang='lat' dir='ltr'>cruorem.</span> 
     </span>
    </p>
   </div>
   <div class='ocr_carea' id='block_1_12' title="bbox 349 1873 1085 2063">
    <p class='ocr_par' dir='ltr' id='par_1_27' title="bbox 354 1873 1085 1918">
     <span class='ocr_line' id='line_1_37' title="bbox 354 1873 1085 1918; baseline -0.008 -7"><span class='ocrx_word' id='word_1_147' title='bbox 354 1878 510 1918; x_wconf 90' lang='lat' dir='ltr'>Huncque</span> <span class='ocrx_word' id='word_1_148' title='bbox 534 1886 594 1917; x_wconf 90' lang='lat' dir='ltr'>per</span> <span class='ocrx_word' id='word_1_149' title='bbox 617 1879 752 1908; x_wconf 88' lang='lat' dir='ltr'>mortem</span> <span class='ocrx_word' id='word_1_150' title='bbox 779 1875 944 1916; x_wconf 84' lang='lat' dir='ltr'>religando</span> <span class='ocrx_word' id='word_1_151' title='bbox 969 1873 1085 1906; x_wconf 82' lang='lat' dir='ltr'>fortem</span> 
     </span>
    </p>

    <p class='ocr_par' dir='ltr' id='par_1_28' title="bbox 349 1923 992 1965">
     <span class='ocr_line' id='line_1_38' title="bbox 349 1923 992 1965; baseline -0.006 -7"><span class='ocrx_word' id='word_1_152' title='bbox 349 1926 486 1960; x_wconf 86' lang='lat' dir='ltr'>Liberas</span> <span class='ocrx_word' id='word_1_153' title='bbox 511 1933 646 1965; x_wconf 88' lang='lat' dir='ltr'>omnem,</span> <span class='ocrx_word' id='word_1_154' title='bbox 670 1925 847 1965; x_wconf 84' lang='lat' dir='ltr'>reparator,</span> <span class='ocrx_word' id='word_1_155' title='bbox 873 1923 992 1963; x_wconf 92' lang='lat' dir='ltr'>orbem,</span> 
     </span>
    </p>

    <p class='ocr_par' dir='ltr' id='par_1_29' title="bbox 349 1971 1010 2063">
     <span class='ocr_line' id='line_1_39' title="bbox 349 1971 1010 2007; baseline -0.006 0"><span class='ocrx_word' id='word_1_156' title='bbox 349 1975 437 2007; x_wconf 83' lang='lat' dir='ltr'>Vasa</span> <span class='ocrx_word' id='word_1_157' title='bbox 465 1974 636 2006; x_wconf 82' lang='lat' dir='ltr'>coelestem</span> <span class='ocrx_word' id='word_1_158' title='bbox 658 1972 814 2005; x_wconf 82' lang='lat' dir='ltr'>revehens</span> <span class='ocrx_word' id='word_1_159' title='bbox 839 1971 881 2004; x_wconf 77' lang='lat' dir='ltr'>ad</span> <span class='ocrx_word' id='word_1_160' title='bbox 903 1979 1010 2004; x_wconf 83' lang='lat' dir='ltr'>arcem</span> 
     </span>
     <span class='ocr_line' id='line_1_40' title="bbox 395 2022 672 2063; baseline -0.007 -8"><span class='ocrx_word' id='word_1_161' title='bbox 395 2023 484 2063; x_wconf 86' lang='lat' dir='ltr'>Rege</span> <span class='ocrx_word' id='word_1_162' title='bbox 508 2022 672 2054; x_wconf 85' lang='lat' dir='ltr'>nitentem.</span> 
     </span>
    </p>
   </div>
   <div class='ocr_carea' id='block_1_13' title="bbox 345 2077 1043 2468">
    <p class='ocr_par' dir='ltr' id='par_1_30' title="bbox 351 2077 1020 2122">
     <span class='ocr_line' id='line_1_41' title="bbox 351 2077 1020 2122; baseline -0.007 -9"><span class='ocrx_word' id='word_1_163' title='bbox 351 2081 456 2114; x_wconf 83' lang='lat' dir='ltr'>Tanta</span> <span class='ocrx_word' id='word_1_164' title='bbox 480 2082 524 2122; x_wconf 83' lang='lat' dir='ltr'>tu,</span> <span class='ocrx_word' id='word_1_165' title='bbox 552 2080 664 2120; x_wconf 88' lang='lat' dir='ltr'>pastor</span> <span class='ocrx_word' id='word_1_166' title='bbox 688 2079 873 2119; x_wconf 81' lang='lat' dir='ltr'>pariterque</span> <span class='ocrx_word' id='word_1_167' title='bbox 899 2077 1020 2119; x_wconf 84' lang='lat' dir='ltr'>doctor,</span> 
     </span>
    </p>

    <p class='ocr_par' dir='ltr' id='par_1_31' title="bbox 348 2127 971 2169">
     <span class='ocr_line' id='line_1_42' title="bbox 348 2127 971 2169; baseline -0.008 -7"><span class='ocrx_word' id='word_1_168' title='bbox 348 2130 470 2169; x_wconf 90' lang='lat' dir='ltr'>Perpes</span> <span class='ocrx_word' id='word_1_169' title='bbox 495 2128 625 2168; x_wconf 84' lang='lat' dir='ltr'>adjutor</span> <span class='ocrx_word' id='word_1_170' title='bbox 645 2127 731 2168; x_wconf 83' lang='lat' dir='ltr'>jugis</span> <span class='ocrx_word' id='word_1_171' title='bbox 755 2130 851 2166; x_wconf 80' lang='lat' dir='ltr'>atque</span> <span class='ocrx_word' id='word_1_172' title='bbox 875 2128 971 2165; x_wconf 85' lang='lat' dir='ltr'>tutor,</span> 
     </span>
    </p>

    <p class='ocr_par' dir='ltr' id='par_1_32' title="bbox 346 2174 1043 2258">
     <span class='ocr_line' id='line_1_43' title="bbox 346 2174 1043 2219; baseline -0.006 -10"><span class='ocrx_word' id='word_1_173' title='bbox 346 2176 499 2218; x_wconf 74' lang='lat' dir='ltr'>Feceras,</span> <span class='ocrx_word' id='word_1_174' title='bbox 526 2176 651 2219; x_wconf 82' lang='lat' dir='ltr'>ductor,</span> <span class='ocrx_word' id='word_1_175' title='bbox 678 2178 766 2208; x_wconf 87' lang='lat' dir='ltr'>sator</span> <span class='ocrx_word' id='word_1_176' title='bbox 792 2176 824 2206; x_wconf 90' lang='lat' dir='ltr'>et</span> <span class='ocrx_word' id='word_1_177' title='bbox 847 2174 1043 2216; x_wconf 84' lang='lat' dir='ltr'>redemptor,</span> 
     </span>
     <span class='ocr_line' id='line_1_44' title="bbox 394 2225 694 2258; baseline 0 -1"><span class='ocrx_word' id='word_1_178' title='bbox 394 2225 491 2258; x_wconf 89' lang='lat' dir='ltr'>Lucis</span> <span class='ocrx_word' id='word_1_179' title='bbox 517 2227 550 2256; x_wconf 92' lang='lat' dir='ltr'>et</span> <span class='ocrx_word' id='word_1_180' title='bbox 573 2226 694 2257; x_wconf 83' lang='lat' dir='ltr'>auctor.</span> 
     </span>
    </p>

    <p class='ocr_par' dir='ltr' id='par_1_33' title="bbox 352 2280 993 2323">
     <span class='ocr_line' id='line_1_45' title="bbox 352 2280 993 2323; baseline -0.006 -8"><span class='ocrx_word' id='word_1_181' title='bbox 352 2283 403 2316; x_wconf 85' lang='lat' dir='ltr'>Sis</span> <span class='ocrx_word' id='word_1_182' title='bbox 426 2283 505 2315; x_wconf 88' lang='lat' dir='ltr'>mihi</span> <span class='ocrx_word' id='word_1_183' title='bbox 530 2281 644 2322; x_wconf 86' lang='lat' dir='ltr'>factor,</span> <span class='ocrx_word' id='word_1_184' title='bbox 672 2280 750 2313; x_wconf 91' lang='lat' dir='ltr'>mihi</span> <span class='ocrx_word' id='word_1_185' title='bbox 776 2280 819 2312; x_wconf 87' lang='lat' dir='ltr'>sis</span> <span class='ocrx_word' id='word_1_186' title='bbox 845 2281 877 2311; x_wconf 92' lang='lat' dir='ltr'>et</span> <span class='ocrx_word' id='word_1_187' title='bbox 901 2280 993 2323; x_wconf 84' lang='lat' dir='ltr'>altor,</span> 
     </span>
    </p>

    <p class='ocr_par' dir='ltr' id='par_1_34' title="bbox 347 2329 961 2371">
     <span class='ocr_line' id='line_1_46' title="bbox 347 2329 961 2371; baseline -0.01 -7"><span class='ocrx_word' id='word_1_188' title='bbox 347 2332 428 2365; x_wconf 83' lang='lat' dir='ltr'>Esto</span> <span class='ocrx_word' id='word_1_189' title='bbox 453 2332 618 2371; x_wconf 82' lang='lat' dir='ltr'>protector</span> <span class='ocrx_word' id='word_1_190' title='bbox 639 2330 822 2370; x_wconf 79' lang='lat' dir='ltr'>J&#39;ugiterque</span> <span class='ocrx_word' id='word_1_191' title='bbox 845 2329 961 2370; x_wconf 85' lang='lat' dir='ltr'>rector,</span> 
     </span>
    </p>

    <p class='ocr_par' dir='ltr' id='par_1_35' title="bbox 345 2377 991 2468">
     <span class='ocr_line' id='line_1_47' title="bbox 345 2377 991 2420; baseline -0.009 -8"><span class='ocrx_word' id='word_1_192' title='bbox 345 2380 426 2413; x_wconf 89' lang='lat' dir='ltr'>Esto</span> <span class='ocrx_word' id='word_1_193' title='bbox 454 2378 615 2420; x_wconf 83' lang='lat' dir='ltr'>defensor,</span> <span class='ocrx_word' id='word_1_194' title='bbox 641 2378 729 2410; x_wconf 84' lang='lat' dir='ltr'>necis</span> <span class='ocrx_word' id='word_1_195' title='bbox 755 2386 773 2409; x_wconf 95' lang='lat' dir='ltr'>o</span> <span class='ocrx_word' id='word_1_196' title='bbox 798 2377 991 2416; x_wconf 85' lang='lat' dir='ltr'>peremptor,</span> 
     </span>
     <span class='ocr_line' id='line_1_48' title="bbox 394 2427 706 2468; baseline -0.01 -7"><span class='ocrx_word' id='word_1_197' title='bbox 394 2428 528 2468; x_wconf 85' lang='lat' dir='ltr'>Semper</span> <span class='ocrx_word' id='word_1_198' title='bbox 556 2430 588 2459; x_wconf 84' lang='lat' dir='ltr'>et</span> <span class='ocrx_word' id='word_1_199' title='bbox 610 2427 706 2459; x_wconf 87' lang='lat' dir='ltr'>ultor.</span> 
     </span>
    </p>
   </div>
  </div>
 </body>
</html>
