<?xml version="1.0" encoding="UTF-8"?>
<!DOCTYPE html PUBLIC "-//W3C//DTD XHTML 1.0 Transitional//EN"
    "http://www.w3.org/TR/xhtml1/DTD/xhtml1-transitional.dtd">
<html xmlns="http://www.w3.org/1999/xhtml" xml:lang="en" lang="en">
 <head>
  <title>
</title>
<meta http-equiv="Content-Type" content="text/html;charset=utf-8" />
  <meta name='ocr-system' content='tesseract 3.04.00' />
  <meta name='ocr-capabilities' content='ocr_page ocr_carea ocr_par ocr_line ocrx_word'/>
</head>
<body>
  <div class='ocr_page' id='page_1' title='image "./analectahymnica23drevuoft_00091.png"; bbox 0 0 1653 2637; ppageno 0'>
   <div class='ocr_carea' id='block_1_1' title="bbox 179 191 1414 581">
    <p class='ocr_par' dir='ltr' id='par_1_1' title="bbox 184 191 1414 374">
     <span class='ocr_line' id='line_1_1' title="bbox 184 191 1315 227; baseline -0.003 -2"><span class='ocrx_word' id='word_1_1' title='bbox 184 193 215 227; x_wconf 84' lang='lat'>3.</span> <span class='ocrx_word' id='word_1_2' title='bbox 240 192 304 225; x_wconf 89' lang='lat' dir='ltr'>Hic</span> <span class='ocrx_word' id='word_1_3' title='bbox 328 191 389 225; x_wconf 87' lang='lat' dir='ltr'>fuit</span> <span class='ocrx_word' id='word_1_4' title='bbox 414 191 620 225; x_wconf 86' lang='lat' dir='ltr'>cancellarius</span> <span class='ocrx_word' id='word_1_5' title='bbox 862 194 893 225; x_wconf 85' lang='lat'>5.</span> <span class='ocrx_word' id='word_1_6' title='bbox 920 192 983 223; x_wconf 89' lang='lat' dir='ltr'>Per</span> <span class='ocrx_word' id='word_1_7' title='bbox 1005 193 1037 222; x_wconf 88' lang='lat' dir='ltr'>te</span> <span class='ocrx_word' id='word_1_8' title='bbox 1065 191 1200 223; x_wconf 84' lang='lat' dir='ltr'>donetur</span> <span class='ocrx_word' id='word_1_9' title='bbox 1221 191 1315 223; x_wconf 82' lang='lat' dir='ltr'>venia</span> 
     </span>
     <span class='ocr_line' id='line_1_2' title="bbox 243 238 1327 282; baseline -0.001 -10"><span class='ocrx_word' id='word_1_10' title='bbox 243 239 289 272; x_wconf 81' lang='lat' dir='ltr'>Et</span> <span class='ocrx_word' id='word_1_11' title='bbox 313 249 406 272; x_wconf 89' lang='lat' dir='ltr'>verus</span> <span class='ocrx_word' id='word_1_12' title='bbox 431 239 631 282; x_wconf 82' lang='lat' dir='ltr'>secretarius,</span> <span class='ocrx_word' id='word_1_13' title='bbox 918 238 963 270; x_wconf 86' lang='lat' dir='ltr'>Et</span> <span class='ocrx_word' id='word_1_14' title='bbox 987 239 1160 277; x_wconf 83' lang='lat' dir='ltr'>gratiarum</span> <span class='ocrx_word' id='word_1_15' title='bbox 1185 247 1327 278; x_wconf 85' lang='lat' dir='ltr'>munera,</span> 
     </span>
     <span class='ocr_line' id='line_1_3' title="bbox 241 286 1414 326; baseline -0.001 -7"><span class='ocrx_word' id='word_1_16' title='bbox 241 288 339 326; x_wconf 82' lang='lat' dir='ltr'>Quem</span> <span class='ocrx_word' id='word_1_17' title='bbox 364 286 459 319; x_wconf 85' lang='lat' dir='ltr'>Jesus</span> <span class='ocrx_word' id='word_1_18' title='bbox 483 287 588 319; x_wconf 88' lang='lat' dir='ltr'>lumen</span> <span class='ocrx_word' id='word_1_19' title='bbox 613 287 731 319; x_wconf 81' lang='lat' dir='ltr'>saeculi</span> <span class='ocrx_word' id='word_1_20' title='bbox 917 286 980 318; x_wconf 88' lang='lat' dir='ltr'>Per</span> <span class='ocrx_word' id='word_1_21' title='bbox 1005 295 1098 326; x_wconf 88' lang='lat' dir='ltr'>quam</span> <span class='ocrx_word' id='word_1_22' title='bbox 1122 286 1280 326; x_wconf 87' lang='lat' dir='ltr'>possimus</span> <span class='ocrx_word' id='word_1_23' title='bbox 1305 286 1414 318; x_wconf 83' lang='lat' dir='ltr'>vivere</span> 
     </span>
     <span class='ocr_line' id='line_1_4' title="bbox 239 334 1308 374; baseline 0.001 -9"><span class='ocrx_word' id='word_1_24' title='bbox 239 334 333 366; x_wconf 76' lang='lat' dir='ltr'>Misit</span> <span class='ocrx_word' id='word_1_25' title='bbox 357 334 518 367; x_wconf 75' lang='lat' dir='ltr'>doctorem</span> <span class='ocrx_word' id='word_1_26' title='bbox 542 335 662 374; x_wconf 83' lang='lat' dir='ltr'>populi.</span> <span class='ocrx_word' id='word_1_27' title='bbox 916 334 970 365; x_wconf 84' lang='lat' dir='ltr'>Ad</span> <span class='ocrx_word' id='word_1_28' title='bbox 994 334 1135 373; x_wconf 81' lang='lat' dir='ltr'>regulam</span> <span class='ocrx_word' id='word_1_29' title='bbox 1154 334 1308 373; x_wconf 79' lang='lat' dir='ltr'>justitiae.</span> 
     </span>
    </p>

    <p class='ocr_par' dir='ltr' id='par_1_2' title="bbox 179 399 1399 581">
     <span class='ocr_line' id='line_1_5' title="bbox 179 399 1327 443; baseline -0.003 -9"><span class='ocrx_word' id='word_1_30' title='bbox 179 403 212 434; x_wconf 86' lang='lat'>4.</span> <span class='ocrx_word' id='word_1_31' title='bbox 237 400 309 442; x_wconf 81' lang='lat' dir='ltr'>Eja,</span> <span class='ocrx_word' id='word_1_32' title='bbox 337 401 438 433; x_wconf 88' lang='lat' dir='ltr'>dulcis</span> <span class='ocrx_word' id='word_1_33' title='bbox 459 401 611 443; x_wconf 81' lang='lat' dir='ltr'>apostole,</span> <span class='ocrx_word' id='word_1_34' title='bbox 857 402 887 433; x_wconf 90' lang='lat'>6.</span> <span class='ocrx_word' id='word_1_35' title='bbox 916 399 965 431; x_wconf 76' lang='lat' dir='ltr'>Sit</span> <span class='ocrx_word' id='word_1_36' title='bbox 987 399 1056 440; x_wconf 87' lang='lat' dir='ltr'>tibi,</span> <span class='ocrx_word' id='word_1_37' title='bbox 1083 400 1167 432; x_wconf 80' lang='lat' dir='ltr'>alma</span> <span class='ocrx_word' id='word_1_38' title='bbox 1189 400 1327 439; x_wconf 77' lang='lat' dir='ltr'><strong>trinitas,</strong></span> 
     </span>
     <span class='ocr_line' id='line_1_6' title="bbox 237 446 1399 490; baseline 0.001 -11"><span class='ocrx_word' id='word_1_39' title='bbox 237 448 334 487; x_wconf 79' lang='lat' dir='ltr'>Quem</span> <span class='ocrx_word' id='word_1_40' title='bbox 360 457 546 481; x_wconf 83' lang='lat' dir='ltr'>veneramur</span> <span class='ocrx_word' id='word_1_41' title='bbox 567 447 672 490; x_wconf 85' lang='lat' dir='ltr'>hodie,</span> <span class='ocrx_word' id='word_1_42' title='bbox 915 446 1012 486; x_wconf 85' lang='lat' dir='ltr'>Laus,</span> <span class='ocrx_word' id='word_1_43' title='bbox 1037 447 1140 479; x_wconf 89' lang='lat' dir='ltr'>honor</span> <span class='ocrx_word' id='word_1_44' title='bbox 1165 451 1198 479; x_wconf 76' lang='lat' dir='ltr'>et</span> <span class='ocrx_word' id='word_1_45' title='bbox 1221 447 1399 480; x_wconf 82' lang='lat' dir='ltr'>sublimitas</span> 
     </span>
     <span class='ocr_line' id='line_1_7' title="bbox 236 494 1333 535; baseline -0.001 -8"><span class='ocrx_word' id='word_1_46' title='bbox 236 495 360 527; x_wconf 86' lang='lat' dir='ltr'>Devote</span> <span class='ocrx_word' id='word_1_47' title='bbox 384 498 416 526; x_wconf 90' lang='lat' dir='ltr'>te</span> <span class='ocrx_word' id='word_1_48' title='bbox 442 495 616 528; x_wconf 84' lang='lat' dir='ltr'>colentibus</span> <span class='ocrx_word' id='word_1_49' title='bbox 916 495 978 527; x_wconf 91' lang='lat' dir='ltr'>Pro</span> <span class='ocrx_word' id='word_1_50' title='bbox 1005 495 1071 535; x_wconf 87' lang='lat' dir='ltr'>tali,</span> <span class='ocrx_word' id='word_1_51' title='bbox 1099 497 1187 527; x_wconf 87' lang='lat' dir='ltr'>tanto</span> <span class='ocrx_word' id='word_1_52' title='bbox 1212 494 1333 535; x_wconf 82' lang='lat' dir='ltr'>nuntio,</span> 
     </span>
     <span class='ocr_line' id='line_1_8' title="bbox 236 542 1376 581; baseline 0 -6"><span class='ocrx_word' id='word_1_53' title='bbox 236 542 361 575; x_wconf 78' lang='lat' dir='ltr'>Adesto</span> <span class='ocrx_word' id='word_1_54' title='bbox 385 543 521 574; x_wconf 85' lang='lat' dir='ltr'>clemens</span> <span class='ocrx_word' id='word_1_55' title='bbox 548 542 701 574; x_wconf 82' lang='lat' dir='ltr'>omnibus,</span> <span class='ocrx_word' id='word_1_56' title='bbox 913 542 1013 581; x_wconf 72' lang='lat' dir='ltr'>Quem</span> <span class='ocrx_word' id='word_1_57' title='bbox 1037 544 1074 573; x_wconf 84' lang='lat' dir='ltr'>tu</span> <span class='ocrx_word' id='word_1_58' title='bbox 1097 542 1213 574; x_wconf 79' lang='lat' dir='ltr'>misisti</span> <span class='ocrx_word' id='word_1_59' title='bbox 1237 543 1376 576; x_wconf 83' lang='lat' dir='ltr'>saeculo.</span> 
     </span>
    </p>
   </div>
   <div class='ocr_carea' id='block_1_2' title="bbox 254 623 1017 662">
    <p class='ocr_par' dir='ltr' id='par_1_3' title="bbox 254 623 1017 662">
     <span class='ocr_line' id='line_1_9' title="bbox 254 623 1017 662; baseline -0.001 -9"><span class='ocrx_word' id='word_1_60' title='bbox 254 625 325 653; x_wconf 76' lang='lat' dir='ltr'>Olm-</span> <span class='ocrx_word' id='word_1_61' title='bbox 345 627 497 655; x_wconf 83' lang='lat' dir='ltr'>Monaeen.</span> <span class='ocrx_word' id='word_1_62' title='bbox 517 625 565 661; x_wconf 94' lang='grc'><strong>(01.</strong></span> <span class='ocrx_word' id='word_1_63' title='bbox 584 624 733 662; x_wconf 82' lang='lat' dir='ltr'>Tegurin.)</span> <span class='ocrx_word' id='word_1_64' title='bbox 754 623 788 654; x_wconf 88' lang='grc'>19</span> <span class='ocrx_word' id='word_1_65' title='bbox 797 623 852 654; x_wconf 87' lang='grc'>363</span> <span class='ocrx_word' id='word_1_66' title='bbox 875 634 950 654; x_wconf 83' lang='lat' dir='ltr'>saec.</span> <span class='ocrx_word' id='word_1_67' title='bbox 974 624 1017 654; x_wconf 90' lang='lat'>15.</span> 
     </span>
    </p>
   </div>
   <div class='ocr_carea' id='block_1_3' title="bbox 620 772 1035 814">
    <p class='ocr_par' dir='ltr' id='par_1_4' title="bbox 620 772 1035 814">
     <span class='ocr_line' id='line_1_10' title="bbox 620 772 1035 814; baseline 0 -10"><span class='ocrx_word' id='word_1_68' title='bbox 620 772 682 804; x_wconf 81' lang='lat'>132.</span> <span class='ocrx_word' id='word_1_69' title='bbox 711 774 746 805; x_wconf 86' lang='lat' dir='ltr'>In</span> <span class='ocrx_word' id='word_1_70' title='bbox 767 774 857 806; x_wconf 87' lang='lat' dir='ltr'>unius</span> <span class='ocrx_word' id='word_1_71' title='bbox 877 774 1035 814; x_wconf 72' lang='lat' dir='ltr'>Martyris.</span> 
     </span>
    </p>
   </div>
   <div class='ocr_carea' id='block_1_4' title="bbox 178 860 1291 902">
    <p class='ocr_par' dir='ltr' id='par_1_5' title="bbox 178 860 1291 902">
     <span class='ocr_line' id='line_1_11' title="bbox 178 860 1291 902; baseline 0.002 -9"><span class='ocrx_word' id='word_1_72' title='bbox 178 863 210 893; x_wconf 89' lang='lat'>].</span> <span class='ocrx_word' id='word_1_73' title='bbox 237 860 313 893; x_wconf 85' lang='lat' dir='ltr'>Dies</span> <span class='ocrx_word' id='word_1_74' title='bbox 339 861 486 894; x_wconf 86' lang='lat' dir='ltr'>solemnis</span> <span class='ocrx_word' id='word_1_75' title='bbox 511 863 624 902; x_wconf 84' lang='lat' dir='ltr'>agitur,</span> <span class='ocrx_word' id='word_1_76' title='bbox 855 865 887 896; x_wconf 82' lang='lat'>4.</span> <span class='ocrx_word' id='word_1_77' title='bbox 913 864 1040 895; x_wconf 76' lang='lat' dir='ltr'>ldcirco</span> <span class='ocrx_word' id='word_1_78' title='bbox 1064 864 1170 897; x_wconf 90' lang='lat' dir='ltr'>nullus</span> <span class='ocrx_word' id='word_1_79' title='bbox 1194 864 1291 896; x_wconf 86' lang='lat' dir='ltr'>hodie</span> 
     </span>
    </p>
   </div>
   <div class='ocr_carea' id='block_1_5' title="bbox 173 909 1394 1461">
    <p class='ocr_par' dir='ltr' id='par_1_6' title="bbox 233 909 1394 1045">
     <span class='ocr_line' id='line_1_12' title="bbox 233 909 1290 955; baseline 0.002 -14"><span class='ocrx_word' id='word_1_80' title='bbox 233 910 271 941; x_wconf 89' lang='lat' dir='ltr'>In</span> <span class='ocrx_word' id='word_1_81' title='bbox 297 917 359 948; x_wconf 86' lang='lat' dir='ltr'>qua</span> <span class='ocrx_word' id='word_1_82' title='bbox 383 909 435 940; x_wconf 90' lang='lat' dir='ltr'>hic</span> <span class='ocrx_word' id='word_1_83' title='bbox 459 912 582 949; x_wconf 77' lang='lat' dir='ltr'>martyr</span> <span class='ocrx_word' id='word_1_84' title='bbox 608 910 730 948; x_wconf 90' lang='lat' dir='ltr'>colitur,</span> <span class='ocrx_word' id='word_1_85' title='bbox 911 910 1050 943; x_wconf 83' lang='lat' dir='ltr'>Diffidat</span> <span class='ocrx_word' id='word_1_86' title='bbox 1070 914 1103 943; x_wconf 86' lang='lat' dir='ltr'>te</span> <span class='ocrx_word' id='word_1_87' title='bbox 1127 911 1290 955; x_wconf 79' lang='lat' dir='ltr'>accedere,</span> 
     </span>
     <span class='ocr_line' id='line_1_13' title="bbox 233 956 1394 997; baseline 0.003 -10"><span class='ocrx_word' id='word_1_88' title='bbox 233 956 292 995; x_wconf 76' lang='lat' dir='ltr'>Qui</span> <span class='ocrx_word' id='word_1_89' title='bbox 316 957 475 988; x_wconf 65' lang='lat' dir='ltr'>&lt;astinem</span> <span class='ocrx_word' id='word_1_90' title='bbox 498 957 647 995; x_wconf 76' lang='lat' dir='ltr'>poenalia</span> <span class='ocrx_word' id='word_1_91' title='bbox 912 958 989 991; x_wconf 88' lang='lat' dir='ltr'>Cum</span> <span class='ocrx_word' id='word_1_92' title='bbox 1014 959 1128 997; x_wconf 82' lang='lat' dir='ltr'>plenus</span> <span class='ocrx_word' id='word_1_93' title='bbox 1153 960 1197 990; x_wconf 86' lang='lat' dir='ltr'>sis</span> <span class='ocrx_word' id='word_1_94' title='bbox 1224 958 1394 990; x_wconf 74' lang='lat' dir='ltr'>dulcedine</span> 
     </span>
     <span class='ocr_line' id='line_1_14' title="bbox 233 1003 1240 1045; baseline 0.003 -10"><span class='ocrx_word' id='word_1_95' title='bbox 233 1003 366 1035; x_wconf 83' lang='lat' dir='ltr'>Scandit</span> <span class='ocrx_word' id='word_1_96' title='bbox 391 1004 432 1035; x_wconf 88' lang='lat' dir='ltr'>ad</span> <span class='ocrx_word' id='word_1_97' title='bbox 458 1003 641 1037; x_wconf 75' lang='lat' dir='ltr'>aeternalia.</span> <span class='ocrx_word' id='word_1_98' title='bbox 909 1005 953 1036; x_wconf 83' lang='lat' dir='ltr'>Et</span> <span class='ocrx_word' id='word_1_99' title='bbox 977 1005 1107 1045; x_wconf 85' lang='lat' dir='ltr'>pietatis</span> <span class='ocrx_word' id='word_1_100' title='bbox 1133 1015 1240 1045; x_wconf 84' lang='lat' dir='ltr'>opere.</span> 
     </span>
    </p>

    <p class='ocr_par' dir='ltr' id='par_1_7' title="bbox 177 1067 1384 1250">
     <span class='ocr_line' id='line_1_15' title="bbox 177 1067 1318 1113; baseline 0.004 -13"><span class='ocrx_word' id='word_1_101' title='bbox 177 1070 208 1100; x_wconf 84' lang='lat'>2.</span> <span class='ocrx_word' id='word_1_102' title='bbox 236 1070 333 1108; x_wconf 78' lang='lat' dir='ltr'>Quam</span> <span class='ocrx_word' id='word_1_103' title='bbox 360 1067 437 1100; x_wconf 79' lang='lat' dir='ltr'>felix</span> <span class='ocrx_word' id='word_1_104' title='bbox 464 1078 506 1110; x_wconf 82' lang='lat' dir='ltr'>eS,</span> <span class='ocrx_word' id='word_1_105' title='bbox 534 1069 587 1109; x_wconf 88' lang='lat' dir='ltr'>qui</span> <span class='ocrx_word' id='word_1_106' title='bbox 609 1069 737 1100; x_wconf 87' lang='lat' dir='ltr'>vincere</span> <span class='ocrx_word' id='word_1_107' title='bbox 853 1072 883 1102; x_wconf 83' lang='lat'>5.</span> <span class='ocrx_word' id='word_1_108' title='bbox 913 1071 1030 1103; x_wconf 76' lang='lat' dir='ltr'>Christi</span> <span class='ocrx_word' id='word_1_109' title='bbox 1055 1071 1177 1103; x_wconf 82' lang='lat' dir='ltr'>athleta</span> <span class='ocrx_word' id='word_1_110' title='bbox 1197 1072 1318 1113; x_wconf 85' lang='lat' dir='ltr'>inclite,</span> 
     </span>
     <span class='ocr_line' id='line_1_16' title="bbox 236 1116 1326 1159; baseline 0.003 -12"><span class='ocrx_word' id='word_1_111' title='bbox 236 1116 358 1147; x_wconf 83' lang='lat' dir='ltr'>Poenas</span> <span class='ocrx_word' id='word_1_112' title='bbox 383 1118 538 1148; x_wconf 86' lang='lat' dir='ltr'>tortorum</span> <span class='ocrx_word' id='word_1_113' title='bbox 564 1116 719 1156; x_wconf 85' lang='lat' dir='ltr'>quiveras‚</span> <span class='ocrx_word' id='word_1_114' title='bbox 909 1117 955 1149; x_wconf 88' lang='lat' dir='ltr'>Te</span> <span class='ocrx_word' id='word_1_115' title='bbox 979 1121 1167 1151; x_wconf 86' lang='lat' dir='ltr'>venerantes</span> <span class='ocrx_word' id='word_1_116' title='bbox 1192 1120 1326 1159; x_wconf 83' lang='lat' dir='ltr'>respice,</span> 
     </span>
     <span class='ocr_line' id='line_1_17' title="bbox 230 1162 1290 1207; baseline 0.003 -12"><span class='ocrx_word' id='word_1_117' title='bbox 230 1164 276 1196; x_wconf 85' lang='lat' dir='ltr'>Ut</span> <span class='ocrx_word' id='word_1_118' title='bbox 301 1162 460 1194; x_wconf 78' lang='lat' dir='ltr'>Christum</span> <span class='ocrx_word' id='word_1_119' title='bbox 484 1163 689 1195; x_wconf 80' lang='lat' dir='ltr'>lucrifaceres</span> <span class='ocrx_word' id='word_1_120' title='bbox 907 1164 955 1197; x_wconf 75' lang='lat' dir='ltr'>Ut</span> <span class='ocrx_word' id='word_1_121' title='bbox 977 1168 1034 1197; x_wconf 84' lang='grc'><strong>1113</strong></span> <span class='ocrx_word' id='word_1_122' title='bbox 1056 1175 1116 1205; x_wconf 82' lang='lat' dir='ltr'>per</span> <span class='ocrx_word' id='word_1_123' title='bbox 1140 1166 1290 1207; x_wconf 80' lang='lat' dir='ltr'>suffragia</span> 
     </span>
     <span class='ocr_line' id='line_1_18' title="bbox 228 1210 1384 1250; baseline 0.004 -9"><span class='ocrx_word' id='word_1_124' title='bbox 228 1210 271 1241; x_wconf 89' lang='lat' dir='ltr'>Et</span> <span class='ocrx_word' id='word_1_125' title='bbox 298 1210 329 1241; x_wconf 88' lang='lat' dir='ltr'>in</span> <span class='ocrx_word' id='word_1_126' title='bbox 353 1212 515 1242; x_wconf 81' lang='lat' dir='ltr'>aeternum</span> <span class='ocrx_word' id='word_1_127' title='bbox 539 1210 720 1250; x_wconf 81' lang='lat' dir='ltr'>plaudereS.</span> <span class='ocrx_word' id='word_1_128' title='bbox 908 1211 1027 1245; x_wconf 86' lang='lat' dir='ltr'>Nostra</span> <span class='ocrx_word' id='word_1_129' title='bbox 1051 1214 1215 1245; x_wconf 86' lang='lat' dir='ltr'>solvantur</span> <span class='ocrx_word' id='word_1_130' title='bbox 1241 1214 1384 1247; x_wconf 75' lang='lat' dir='ltr'>crimina.</span> 
     </span>
    </p>

    <p class='ocr_par' dir='ltr' id='par_1_8' title="bbox 173 1275 1388 1461">
     <span class='ocr_line' id='line_1_19' title="bbox 173 1275 1388 1320; baseline 0.005 -14"><span class='ocrx_word' id='word_1_131' title='bbox 173 1275 205 1307; x_wconf 77' lang='lat'>3.</span> <span class='ocrx_word' id='word_1_132' title='bbox 231 1277 301 1309; x_wconf 81' lang='lat' dir='ltr'>Jam</span> <span class='ocrx_word' id='word_1_133' title='bbox 326 1284 409 1307; x_wconf 87' lang='lat' dir='ltr'>nunc</span> <span class='ocrx_word' id='word_1_134' title='bbox 433 1276 466 1307; x_wconf 89' lang='lat' dir='ltr'>in</span> <span class='ocrx_word' id='word_1_135' title='bbox 493 1277 579 1308; x_wconf 86' lang='lat' dir='ltr'>coelo</span> <span class='ocrx_word' id='word_1_136' title='bbox 601 1276 720 1315; x_wconf 81' lang='lat' dir='ltr'>jubilas</span> <span class='ocrx_word' id='word_1_137' title='bbox 851 1280 882 1312; x_wconf 88' lang='lat'>6.</span> <span class='ocrx_word' id='word_1_138' title='bbox 907 1279 993 1310; x_wconf 88' lang='lat' dir='ltr'>Laus</span> <span class='ocrx_word' id='word_1_139' title='bbox 1018 1279 1089 1319; x_wconf 88' lang='lat' dir='ltr'>tibi,</span> <span class='ocrx_word' id='word_1_140' title='bbox 1115 1282 1225 1311; x_wconf 85' lang='lat' dir='ltr'>sancta</span> <span class='ocrx_word' id='word_1_141' title='bbox 1250 1280 1388 1320; x_wconf 80' lang='lat' dir='ltr'>trinitas,</span> 
     </span>
     <span class='ocr_line' id='line_1_20' title="bbox 228 1322 1382 1367; baseline 0.005 -13"><span class='ocrx_word' id='word_1_142' title='bbox 228 1322 273 1354; x_wconf 88' lang='lat' dir='ltr'>Et</span> <span class='ocrx_word' id='word_1_143' title='bbox 296 1322 394 1362; x_wconf 85' lang='lat' dir='ltr'>signis</span> <span class='ocrx_word' id='word_1_144' title='bbox 419 1324 508 1355; x_wconf 90' lang='lat' dir='ltr'>novis</span> <span class='ocrx_word' id='word_1_145' title='bbox 533 1323 657 1363; x_wconf 82' lang='lat' dir='ltr'>rutilas,</span> <span class='ocrx_word' id='word_1_146' title='bbox 907 1326 993 1365; x_wconf 76' lang='lat' dir='ltr'>Quae</span> <span class='ocrx_word' id='word_1_147' title='bbox 1016 1329 1190 1366; x_wconf 74' lang='lat' dir='ltr'>martyrem</span> <span class='ocrx_word' id='word_1_148' title='bbox 1214 1326 1382 1367; x_wconf 71' lang='lat' dir='ltr'>glorificae,</span> 
     </span>
     <span class='ocr_line' id='line_1_21' title="bbox 229 1367 1367 1413; baseline 0.005 -12"><span class='ocrx_word' id='word_1_149' title='bbox 229 1367 292 1409; x_wconf 74' lang='lat' dir='ltr'>Qui</span> <span class='ocrx_word' id='word_1_150' title='bbox 316 1370 438 1401; x_wconf 80' lang='lat' dir='ltr'>cunetis</span> <span class='ocrx_word' id='word_1_151' title='bbox 460 1368 693 1402; x_wconf 76' lang='lat' dir='ltr'>infirmantibus</span> <span class='ocrx_word' id='word_1_152' title='bbox 907 1372 1009 1404; x_wconf 78' lang='lat' dir='ltr'>Nobis</span> <span class='ocrx_word' id='word_1_153' title='bbox 1030 1376 1198 1413; x_wconf 81' lang='lat' dir='ltr'>praestans</span> <span class='ocrx_word' id='word_1_154' title='bbox 1222 1375 1367 1407; x_wconf 85' lang='lat' dir='ltr'>subsidia</span> 
     </span>
     <span class='ocr_line' id='line_1_22' title="bbox 230 1414 1330 1461; baseline 0.005 -13"><span class='ocrx_word' id='word_1_155' title='bbox 230 1414 360 1448; x_wconf 89' lang='lat' dir='ltr'>Confers</span> <span class='ocrx_word' id='word_1_156' title='bbox 385 1417 528 1449; x_wconf 87' lang='lat' dir='ltr'>medelae</span> <span class='ocrx_word' id='word_1_157' title='bbox 551 1418 695 1457; x_wconf 86' lang='lat' dir='ltr'>gratiam.</span> <span class='ocrx_word' id='word_1_158' title='bbox 907 1420 970 1451; x_wconf 89' lang='lat' dir='ltr'>Per</span> <span class='ocrx_word' id='word_1_159' title='bbox 995 1420 1061 1459; x_wconf 82' lang='lat' dir='ltr'>ejus</span> <span class='ocrx_word' id='word_1_160' title='bbox 1089 1421 1183 1461; x_wconf 86' lang='lat' dir='ltr'>digna</span> <span class='ocrx_word' id='word_1_161' title='bbox 1207 1423 1330 1455; x_wconf 85' lang='lat' dir='ltr'>merita.</span> 
     </span>
    </p>
   </div>
   <div class='ocr_carea' id='block_1_6' title="bbox 244 1498 1349 1540">
    <p class='ocr_par' dir='ltr' id='par_1_9' title="bbox 244 1498 1349 1540">
     <span class='ocr_line' id='line_1_23' title="bbox 244 1498 1349 1540; baseline 0.007 -14"><span class='ocrx_word' id='word_1_162' title='bbox 244 1499 314 1526; x_wconf 86' lang='lat' dir='ltr'>Clm.</span> <span class='ocrx_word' id='word_1_163' title='bbox 334 1500 486 1528; x_wconf 78' lang='lat' dir='ltr'>Monacen‚</span> <span class='ocrx_word' id='word_1_164' title='bbox 506 1498 554 1533; x_wconf 92' lang='lat' dir='ltr'>(ol.</span> <span class='ocrx_word' id='word_1_165' title='bbox 573 1499 723 1536; x_wconf 78' lang='lat' dir='ltr'>Tegurin.)</span> <span class='ocrx_word' id='word_1_166' title='bbox 743 1499 777 1529; x_wconf 90' lang='grc'>19</span> <span class='ocrx_word' id='word_1_167' title='bbox 786 1499 842 1530; x_wconf 83' lang='grc'>363</span> <span class='ocrx_word' id='word_1_168' title='bbox 862 1512 937 1531; x_wconf 80' lang='lat' dir='ltr'>saec.</span> <span class='ocrx_word' id='word_1_169' title='bbox 960 1502 1004 1532; x_wconf 86' lang='lat'>15.</span> <span class='ocrx_word' id='word_1_170' title='bbox 1025 1519 1061 1524; x_wconf 91' lang='lat'>—-</span> <span class='ocrx_word' id='word_1_171' title='bbox 1083 1503 1109 1540; x_wconf 82' lang='lat'>2,</span> <span class='ocrx_word' id='word_1_172' title='bbox 1132 1503 1150 1532; x_wconf 83' lang='lat'>2</span> <span class='ocrx_word' id='word_1_173' title='bbox 1169 1506 1349 1534; x_wconf 80' lang='lat' dir='ltr'>lucrifacere.</span> 
     </span>
    </p>
   </div>
   <div class='ocr_carea' id='block_1_7' title="bbox 588 1648 1036 1691">
    <p class='ocr_par' dir='ltr' id='par_1_10' title="bbox 588 1648 1036 1691">
     <span class='ocr_line' id='line_1_24' title="bbox 588 1648 1036 1691; baseline 0.011 -12"><span class='ocrx_word' id='word_1_174' title='bbox 588 1648 649 1680; x_wconf 86' lang='lat'>133.</span> <span class='ocrx_word' id='word_1_175' title='bbox 681 1649 715 1681; x_wconf 91' lang='lat' dir='ltr'>In</span> <span class='ocrx_word' id='word_1_176' title='bbox 736 1650 835 1682; x_wconf 82' lang='lat' dir='ltr'>Festis</span> <span class='ocrx_word' id='word_1_177' title='bbox 855 1652 1036 1691; x_wconf 77' lang='lat' dir='ltr'>Martyrum.</span> 
     </span>
    </p>
   </div>
   <div class='ocr_carea' id='block_1_8' title="bbox 160 1728 1465 2364">
    <p class='ocr_par' dir='ltr' id='par_1_11' title="bbox 714 1728 909 1760">
     <span class='ocr_line' id='line_1_25' title="bbox 714 1728 909 1760; baseline 0.021 -3"><span class='ocrx_word' id='word_1_178' title='bbox 714 1728 761 1757; x_wconf 87' lang='lat' dir='ltr'>Ad</span> <span class='ocrx_word' id='word_1_179' title='bbox 779 1728 909 1760; x_wconf 86' lang='lat' dir='ltr'>Laudes-</span> 
     </span>
    </p>

    <p class='ocr_par' dir='ltr' id='par_1_12' title="bbox 165 1802 1465 1986">
     <span class='ocr_line' id='line_1_26' title="bbox 165 1802 1370 1851; baseline 0.007 -16"><span class='ocrx_word' id='word_1_180' title='bbox 165 1802 195 1836; x_wconf 88' lang='lat'>1.</span> <span class='ocrx_word' id='word_1_181' title='bbox 222 1803 291 1836; x_wconf 76' lang='lat' dir='ltr'>Rex</span> <span class='ocrx_word' id='word_1_182' title='bbox 310 1804 446 1846; x_wconf 85' lang='lat' dir='ltr'>Christe,</span> <span class='ocrx_word' id='word_1_183' title='bbox 472 1805 626 1843; x_wconf 86' lang='lat' dir='ltr'>splendor</span> <span class='ocrx_word' id='word_1_184' title='bbox 650 1806 780 1847; x_wconf 87' lang='lat' dir='ltr'>gloriae,</span> <span class='ocrx_word' id='word_1_185' title='bbox 842 1809 874 1842; x_wconf 89' lang='lat'>4.</span> <span class='ocrx_word' id='word_1_186' title='bbox 901 1808 938 1840; x_wconf 80' lang='lat' dir='ltr'>ln</span> <span class='ocrx_word' id='word_1_187' title='bbox 964 1819 1096 1850; x_wconf 87' lang='lat' dir='ltr'>qu01um</span> <span class='ocrx_word' id='word_1_188' title='bbox 1121 1820 1176 1843; x_wconf 89' lang='lat' dir='ltr'>ore</span> <span class='ocrx_word' id='word_1_189' title='bbox 1200 1810 1287 1843; x_wconf 89' lang='lat' dir='ltr'>Deus</span> <span class='ocrx_word' id='word_1_190' title='bbox 1314 1815 1370 1851; x_wconf 84' lang='lat' dir='ltr'>est,</span> 
     </span>
     <span class='ocr_line' id='line_1_27' title="bbox 220 1850 1465 1903; baseline 0.008 -21"><span class='ocrx_word' id='word_1_191' title='bbox 220 1850 346 1883; x_wconf 82' lang='lat' dir='ltr'>Laudes</span> <span class='ocrx_word' id='word_1_192' title='bbox 371 1850 537 1883; x_wconf 84' lang='lat' dir='ltr'>referimus</span> <span class='ocrx_word' id='word_1_193' title='bbox 562 1852 629 1895; x_wconf 85' lang='lat' dir='ltr'>tibi,</span> <span class='ocrx_word' id='word_1_194' title='bbox 897 1856 936 1888; x_wconf 89' lang='lat' dir='ltr'>In</span> <span class='ocrx_word' id='word_1_195' title='bbox 962 1866 1093 1897; x_wconf 88' lang='lat' dir='ltr'>quorum</span> <span class='ocrx_word' id='word_1_196' title='bbox 1119 1859 1215 1891; x_wconf 87' lang='lat' dir='ltr'>corde</span> <span class='ocrx_word' id='word_1_197' title='bbox 1232 1859 1378 1891; x_wconf 87' lang='lat' dir='ltr'>Christus</span> <span class='ocrx_word' id='word_1_198' title='bbox 1404 1864 1465 1903; x_wconf 85' lang='lat' dir='ltr'>est,</span> 
     </span>
     <span class='ocr_line' id='line_1_28' title="bbox 222 1897 1353 1946; baseline 0.009 -18"><span class='ocrx_word' id='word_1_199' title='bbox 222 1897 278 1936; x_wconf 76' lang='lat' dir='ltr'>Qui</span> <span class='ocrx_word' id='word_1_200' title='bbox 305 1898 426 1937; x_wconf 80' lang='lat' dir='ltr'>profluo</span> <span class='ocrx_word' id='word_1_201' title='bbox 450 1899 603 1931; x_wconf 88' lang='lat' dir='ltr'>miraculo</span> <span class='ocrx_word' id='word_1_202' title='bbox 898 1903 938 1936; x_wconf 89' lang='lat' dir='ltr'>In</span> <span class='ocrx_word' id='word_1_203' title='bbox 964 1913 1096 1944; x_wconf 88' lang='lat' dir='ltr'>quorum</span> <span class='ocrx_word' id='word_1_204' title='bbox 1119 1906 1216 1938; x_wconf 86' lang='lat' dir='ltr'>corde</span> <span class='ocrx_word' id='word_1_205' title='bbox 1240 1907 1353 1946; x_wconf 85' lang='lat' dir='ltr'>pietas,</span> 
     </span>
     <span class='ocr_line' id='line_1_29' title="bbox 221 1944 1239 1986; baseline 0.01 -10"><span class='ocrx_word' id='word_1_206' title='bbox 221 1944 406 1977; x_wconf 87' lang='lat' dir='ltr'>Sanctorum</span> <span class='ocrx_word' id='word_1_207' title='bbox 432 1955 525 1978; x_wconf 88' lang='lat' dir='ltr'>ornas</span> <span class='ocrx_word' id='word_1_208' title='bbox 551 1947 677 1980; x_wconf 86' lang='lat' dir='ltr'>atrium.</span> <span class='ocrx_word' id='word_1_209' title='bbox 899 1950 1030 1983; x_wconf 83' lang='lat' dir='ltr'>Justitia</span> <span class='ocrx_word' id='word_1_210' title='bbox 1055 1955 1087 1983; x_wconf 83' lang='lat' dir='ltr'>et</span> <span class='ocrx_word' id='word_1_211' title='bbox 1111 1954 1239 1986; x_wconf 76' lang='lat' dir='ltr'>veritae.</span> 
     </span>
    </p>

    <p class='ocr_par' dir='ltr' id='par_1_13' title="bbox 162 2011 1337 2200">
     <span class='ocr_line' id='line_1_30' title="bbox 162 2011 1313 2058; baseline 0.007 -15"><span class='ocrx_word' id='word_1_212' title='bbox 162 2013 194 2043; x_wconf 82' lang='lat'>2.</span> <span class='ocrx_word' id='word_1_213' title='bbox 220 2011 278 2050; x_wconf 77' lang='lat' dir='ltr'>Qui</span> <span class='ocrx_word' id='word_1_214' title='bbox 298 2011 331 2042; x_wconf 92' lang='lat' dir='ltr'>in</span> <span class='ocrx_word' id='word_1_215' title='bbox 356 2020 436 2051; x_wconf 87' lang='lat' dir='ltr'>pace</span> <span class='ocrx_word' id='word_1_216' title='bbox 459 2013 612 2045; x_wconf 81' lang='lat' dir='ltr'>eeclesiae</span> <span class='ocrx_word' id='word_1_217' title='bbox 842 2017 873 2049; x_wconf 85' lang='lat'>5.</span> <span class='ocrx_word' id='word_1_218' title='bbox 900 2016 969 2048; x_wconf 89' lang='lat' dir='ltr'>Orti</span> <span class='ocrx_word' id='word_1_219' title='bbox 995 2017 1035 2049; x_wconf 86' lang='lat' dir='ltr'>de</span> <span class='ocrx_word' id='word_1_220' title='bbox 1058 2016 1148 2049; x_wconf 84' lang='lat' dir='ltr'>faece</span> <span class='ocrx_word' id='word_1_221' title='bbox 1171 2019 1313 2058; x_wconf 84' lang='lat' dir='ltr'>pulveris</span> 
     </span>
     <span class='ocr_line' id='line_1_31' title="bbox 217 2058 1314 2098; baseline 0.007 -8"><span class='ocrx_word' id='word_1_222' title='bbox 217 2058 385 2090; x_wconf 83' lang='lat' dir='ltr'>Florentes</span> <span class='ocrx_word' id='word_1_223' title='bbox 410 2067 497 2091; x_wconf 87' lang='lat' dir='ltr'>more</span> <span class='ocrx_word' id='word_1_224' title='bbox 521 2060 582 2091; x_wconf 91' lang='lat' dir='ltr'>lilii</span> <span class='ocrx_word' id='word_1_225' title='bbox 897 2063 961 2096; x_wconf 83' lang='lat' dir='ltr'>Pro</span> <span class='ocrx_word' id='word_1_226' title='bbox 986 2064 1076 2096; x_wconf 88' lang='lat' dir='ltr'>bonis</span> <span class='ocrx_word' id='word_1_227' title='bbox 1101 2066 1166 2096; x_wconf 82' lang='lat' dir='ltr'>suis</span> <span class='ocrx_word' id='word_1_228' title='bbox 1191 2066 1314 2098; x_wconf 88' lang='lat' dir='ltr'>meritis</span> 
     </span>
     <span class='ocr_line' id='line_1_32' title="bbox 219 2106 1272 2154; baseline 0.007 -17"><span class='ocrx_word' id='word_1_229' title='bbox 219 2106 490 2138; x_wconf 81' lang='lat' dir='ltr'>Praedieaverunt</span> <span class='ocrx_word' id='word_1_230' title='bbox 512 2106 673 2151; x_wconf 83' lang='lat' dir='ltr'>populum,</span> <span class='ocrx_word' id='word_1_231' title='bbox 898 2110 1024 2143; x_wconf 86' lang='lat' dir='ltr'>Similes</span> <span class='ocrx_word' id='word_1_232' title='bbox 1049 2110 1127 2143; x_wconf 83' lang='lat' dir='ltr'>facti</span> <span class='ocrx_word' id='word_1_233' title='bbox 1152 2113 1272 2154; x_wconf 86' lang='lat' dir='ltr'>angelis</span> 
     </span>
     <span class='ocr_line' id='line_1_33' title="bbox 218 2153 1337 2200; baseline 0.007 -15"><span class='ocrx_word' id='word_1_234' title='bbox 218 2153 265 2185; x_wconf 78' lang='lat' dir='ltr'>Ut</span> <span class='ocrx_word' id='word_1_235' title='bbox 288 2153 449 2192; x_wconf 83' lang='lat' dir='ltr'>replerent</span> <span class='ocrx_word' id='word_1_236' title='bbox 471 2155 666 2193; x_wconf 84' lang='lat' dir='ltr'>paradisum.</span> <span class='ocrx_word' id='word_1_237' title='bbox 895 2156 1058 2190; x_wconf 85' lang='lat' dir='ltr'>Fruuntur</span> <span class='ocrx_word' id='word_1_238' title='bbox 1084 2160 1178 2191; x_wconf 83' lang='lat' dir='ltr'>claris</span> <span class='ocrx_word' id='word_1_239' title='bbox 1202 2161 1337 2200; x_wconf 81' lang='lat' dir='ltr'>gaudiis.</span> 
     </span>
    </p>

    <p class='ocr_par' dir='ltr' id='par_1_14' title="bbox 160 2219 1423 2364">
     <span class='ocr_line' id='line_1_34' title="bbox 160 2219 1347 2264; baseline 0.005 -11"><span class='ocrx_word' id='word_1_240' title='bbox 160 2221 191 2253; x_wconf 83' lang='lat'>3.</span> <span class='ocrx_word' id='word_1_241' title='bbox 218 2219 384 2252; x_wconf 86' lang='lat' dir='ltr'>Sumentes</span> <span class='ocrx_word' id='word_1_242' title='bbox 409 2228 498 2252; x_wconf 86' lang='lat' dir='ltr'>arma</span> <span class='ocrx_word' id='word_1_243' title='bbox 521 2220 638 2252; x_wconf 89' lang='lat' dir='ltr'>bellica</span> <span class='ocrx_word' id='word_1_244' title='bbox 839 2224 869 2255; x_wconf 90' lang='lat'>6.</span> <span class='ocrx_word' id='word_1_245' title='bbox 895 2223 948 2255; x_wconf 85' lang='lat' dir='ltr'>Ad</span> <span class='ocrx_word' id='word_1_246' title='bbox 973 2233 1104 2264; x_wconf 87' lang='lat' dir='ltr'>quorum</span> <span class='ocrx_word' id='word_1_247' title='bbox 1126 2234 1198 2258; x_wconf 92' lang='lat' dir='ltr'>ossa</span> <span class='ocrx_word' id='word_1_248' title='bbox 1221 2230 1347 2260; x_wconf 88' lang='lat' dir='ltr'>mortua</span> 
     </span>
     <span class='ocr_line' id='line_1_35' title="bbox 215 2267 1423 2316; baseline 0.008 -17"><span class='ocrx_word' id='word_1_249' title='bbox 215 2267 333 2299; x_wconf 87' lang='lat' dir='ltr'>Contra</span> <span class='ocrx_word' id='word_1_250' title='bbox 356 2267 456 2299; x_wconf 89' lang='lat' dir='ltr'>hostis</span> <span class='ocrx_word' id='word_1_251' title='bbox 480 2267 652 2307; x_wconf 85' lang='lat' dir='ltr'>nequitiam</span> <span class='ocrx_word' id='word_1_252' title='bbox 895 2270 949 2303; x_wconf 91' lang='lat' dir='ltr'>Ad</span> <span class='ocrx_word' id='word_1_253' title='bbox 973 2280 1119 2311; x_wconf 84' lang='lat' dir='ltr'>magnam</span> <span class='ocrx_word' id='word_1_254' title='bbox 1147 2273 1266 2306; x_wconf 88' lang='lat' dir='ltr'>Christi</span> <span class='ocrx_word' id='word_1_255' title='bbox 1290 2276 1423 2316; x_wconf 81' lang='lat' dir='ltr'>glo1ian1</span> 
     </span>
     <span class='ocr_line' id='line_1_36' title="bbox 217 2313 1343 2364; baseline 0.008 -18"><span class='ocrx_word' id='word_1_256' title='bbox 217 2313 391 2346; x_wconf 81' lang='lat' dir='ltr'>Gestabant</span> <span class='ocrx_word' id='word_1_257' title='bbox 417 2318 539 2347; x_wconf 90' lang='lat' dir='ltr'>scutum</span> <span class='ocrx_word' id='word_1_258' title='bbox 564 2314 649 2354; x_wconf 83' lang='lat' dir='ltr'>fidei,</span> <span class='ocrx_word' id='word_1_259' title='bbox 894 2317 986 2351; x_wconf 82' lang='lat' dir='ltr'>Nova</span> <span class='ocrx_word' id='word_1_260' title='bbox 1010 2323 1157 2353; x_wconf 81' lang='lat' dir='ltr'>crescunt</span> <span class='ocrx_word' id='word_1_261' title='bbox 1180 2321 1343 2364; x_wconf 85' lang='lat' dir='ltr'>miracula,</span> 
     </span>
    </p>
   </div>
   <div class='ocr_carea' id='block_1_9' title="bbox 216 2361 1315 2411">
    <p class='ocr_par' dir='ltr' id='par_1_15' title="bbox 216 2361 1315 2411">
     <span class='ocr_line' id='line_1_37' title="bbox 216 2361 1315 2411; baseline 0.009 -17"><span class='ocrx_word' id='word_1_262' title='bbox 216 2361 363 2394; x_wconf 81' lang='lat' dir='ltr'>Gladium</span> <span class='ocrx_word' id='word_1_263' title='bbox 389 2363 520 2401; x_wconf 88' lang='lat' dir='ltr'>spiritus</span> <span class='ocrx_word' id='word_1_264' title='bbox 545 2364 657 2398; x_wconf 85' lang='lat' dir='ltr'>sancti.</span> <span class='ocrx_word' id='word_1_265' title='bbox 893 2365 1019 2399; x_wconf 84' lang='lat' dir='ltr'>Dantur</span> <span class='ocrx_word' id='word_1_266' title='bbox 1043 2368 1131 2407; x_wconf 89' lang='lat' dir='ltr'>plebi</span> <span class='ocrx_word' id='word_1_267' title='bbox 1155 2369 1315 2411; x_wconf 81' lang='lat' dir='ltr'>suffragia.</span> 
     </span>
    </p>
   </div>
  </div>
 </body>
</html>
