1653 2637
692 143 952 181 —261—

431 245 464 278 3.
490 244 594 276 Roma
619 253 711 285 quem
738 244 855 276 dudum
882 243 998 286 genuit,
1030 242 1200 283 triumphis

488 293 606 324 Pressa
630 292 696 332 jam
725 291 842 324 Christi
867 292 1052 332 meritisque
1078 291 1181 333 docta,

486 339 669 379 Martyrem
694 340 753 372 sed
776 349 862 371 nune
888 344 1060 372 coronante
1085 338 1211 370 Christo

541 387 648 420 Gallia
673 390 790 421 servat.

241 460 310 488 0011.
334 462 498 490 Bruxellen.
526 460 679 490 8360—-67
709 470 783 490 saec.
808 461 851 490 10.
872 464 912 489 in.
939 477 976 481 —
1004 459 1270 497 Augenseheinlieh
1290 468 1346 486 nur
1366 458 1484 494 Anfang

162 500 224 526 und
245 498 363 527 Scthss
389 501 472 528 eines
496 500 637 535 king-eren
658 505 810 535 hymnus,
838 499 1081 528 wahrseheinlich
1108 498 1175 525 sind
1200 497 1276 525 nach
1295 497 1353 524 Str,
1381 496 1397 524 1
1422 497 1484 523 und

162 537 310 566 zwischen
330 536 356 572 2,
388 537 403 566 1
424 538 484 565 und
505 536 530 573 2,
552 537 570 565 2
592 538 738 574 Strophen
759 538 948 574 ausgefallen.

597 658 666 690 460.
703 659 747 690 De
768 660 878 690 saneta
900 657 1048 694 Quiteria.

709 735 757 765 Ad
777 736 934 773 Vesperas.

162 805 194 837 1.
224 803 345 836 Chorus
374 813 477 836 novae
501 805 678 837 Jerusalem
854 808 886 838 4.
914 805 1105 845 Triumphat
1128 805 1185 836 ille
1210 805 1380 845 splendide

222 852 397 891 Quiteriam
424 853 611 893 virginalem
912 853 950 884 ln
977 854 1082 892 capite
1103 852 1274 891 Quiteriae,

224 899 329 939 Supra
353 903 390 931 ut,
415 909 484 931 cum
511 901 671 933 coelicolis
911 900 1024 932 Fontis
1050 899 1102 940 qui
1126 900 1230 931 latera
1253 909 1349 931 unam

223 947 315 981 Colat
341 948 402 980 hoc
426 947 542 979 festum
569 948 703 988 gaudiis.
912 944 1006 990 [Sibi]
1034 946 1111 978 facit
1136 955 1202 978 rem
1228 946 1399 987 publicam.

162 1006 195 1037 2.
222 1003 291 1042 Quo
317 1005 473 1048 Christus,
497 1005 637 1037 invictus
660 1006 723 1045 leo,
854 1007 885 1039 5.
909 1005 1017 1044 Ipsum
1046 1004 1189 1035 canendo
1211 1004 1374 1043 supplices

221 1053 261 1084 In
286 1053 440 1093 sanguine
466 1052 607 1092 virgineo
911 1052 1093 1090 Precemur,
1124 1054 1160 1081 ut
1184 1060 1243 1090 per
1267 1051 1385 1082 limites

226 1097 368 1131 Gloriari
395 1099 469 1131 dum
494 1099 661 1139 quaeritat,
912 1098 1074 1137 Quiteriae
1108 1098 1209 1129 oratio

221 1146 252 1178 A
277 1149 380 1178 morte
405 1145 531 1179 functos
558 1147 687 1180 excitat.
913 1146 981 1178 Nos
1006 1145 1134 1178 ordinet
1159 1146 1291 1185 palatio.

164 1205 195 1236 3.
222 1204 324 1242 Quam
351 1204 523 1236 devorarat
546 1204 721 1244 improbus,
855 1206 886 1237 6.
913 1204 976 1235 Per
1001 1202 1108 1234 saecla
1132 1205 1237 1233 mente
1262 1202 1370 1233 nescia

223 1250 343 1283 Gazam
369 1251 455 1283 fudit
480 1251 640 1290 Alfadius,
913 1251 1037 1290 Regnat
1064 1250 1152 1290 virgo
1179 1250 1330 1292 Quiteria,

223 1299 332 1332 Plebis
357 1302 431 1339 post
457 1300 597 1340 virgines
625 1296 761 1341 [sacras]
914 1298 1064 1329 Laudans
1087 1300 1213 1337 patrem
1239 1305 1310 1328 cum
1335 1296 1442 1337 genito

223 1345 333 1379 Jesum
358 1350 535 1388 sequuntur
559 1347 695 1386 agmina.
913 1345 957 1377 Et
987 1346 1103 1384 spiritu
1128 1345 1298 1384 paraclito.

242 1422 327 1449 Brev.
349 1431 402 1450 ms.
416 1422 640 1450 Benedictinum
661 1430 736 1450 saec.
753 1419 797 1449 15.
833 1421 902 1449 Cod.
916 1420 1077 1447 Eremitetn
1098 1417 1144 1446 84.
1166 1434 1201 1438 —
1225 1417 1251 1451 3,
1275 1417 1289 1445 1
1305 1419 1434 1446 devorat.
1449 1431 1487 1435 —

166 1457 193 1493 3,
208 1457 226 1488 3
241 1459 345 1492 Plebs:
361 1468 460 1488 sacras
476 1462 604 1497 erganzt.
615 1476 652 1480 r—
666 1459 693 1494 4,
709 1459 726 1487 2
741 1460 920 1493 Quinteriae.
984 1457 1008 1491 6,
1026 1457 1040 1485 1
1056 1465 1100 1484 sae
1112 1458 1183 1484 cula.
1198 1473 1235 1477 —-
1251 1457 1267 1484 6
1290 1455 1308 1483 2
1324 1457 1488 1490 Quinteria.

610 1591 672 1622 461.
703 1592 746 1623 De
767 1593 879 1622 sancta
900 1589 1051 1626 Quiteria.

709 1669 760 1699 Ad
779 1669 973 1699 Nocturnum.

169 1739 201 1772 1.
231 1739 354 1778 Quem
402 1741 541 1781 terra,
591 1744 767 1779 pontus,
861 1741 892 1772 3,
920 1738 1037 1779 Jesu‚
1074 1744 1232 1767 corona
1257 1734 1488 1774 virginum,

571 1788 748 1820 aethera
919 1783 1126 1816 Subarrhasti
1151 1792 1211 1822 per
1235 1782 1386 1814 annulum

228 1834 358 1878 Colunt,
383 1835 473 1867 vexit
497 1836 540 1868 ad
565 1835 685 1876 sidera,
920 1832 1095 1871 Quiteriam
1120 1838 1267 1870 magnam
1291 1829 1386 1860 modo

232 1881 362 1915 Gaudet
384 1883 440 1915 ubi
466 1882 610 1923 Quiteria
919 1879 1083 1911 Devoto
1108 1878 1242 1909 corde
1267 1880 1307 1907 et
1331 1877 1478 1908 animo.

228 1930 421 1964 Aeterni*
451 1931 618 1964 Christi
645 1930 799 1971 gloria·
860 1940 892 1971 4.
919 1937 1033 1974 Tibi,
1063 1935 1256 1973 Christe,
1283 1933 1493 1973 splendor

168 1991 200 2023 2.
225 1989 308 2022 Vox
335 1989 459 2030 clara,
489 1998 594 2027 ecce,
622 1989 801 2030 intonat,
1260 1982 1421 2022 patris,

228 2037 323 2071 Hanc
348 2037 517 2078 angelique
540 2037 681 2076 roborat,
923 2034 1021 2073 Virgo
1046 2031 1125 2064 flore
1153 2030 1309 2062 eastitatis

230 2085 334 2118 Tenet,
358 2090 466 2118 votum
492 2085 643 2118 oraminis
923 2082 1114 2113 Adhaerens
1141 2088 1239 2111 noxas
1265 2078 1401 2121 mutilat,

229 2133 399 2167 Consors
424 2133 583 2173 paterni
609 2133 778 2165 luminis,
923 2129 977 2162 Ut
1008 2130 1081 2160 lux
1116 2134 1298 2158 aurorae
1324 2124 1491 2156 rutilat.

512 2194 542 2225 5.
571 2191 778 2224 Exsultat
802 2187 959 2220 mentis
982 2185 1124 2226 jubilo

571 2239 675 2273 Terra
699 2239 837 2270 lustrata
860 2235 980 2274 nubilo,

569 2287 667 2321 Dicat
690 2286 819 2319 infirma
843 2284 969 2316 concio:

570 2335 683 2371 Laus
705 2336 836 2376 plena
859 2331 947 2365 fiat
970 2329 1139 2373 gaudio.

250 2416 336 2443 Brev·
362 2426 416 2444 ms¹
437 2414 663 2444 Benedictinum
688 2419 764 2440 saec.
788 2408 832 2438 15.
868 2407 939 2436 Cod.
962 2407 1123 2434 Eremiten.
1149 2403 1195 2431 34.
1223 2417 1257 2422 ——
1287 2400 1318 2436 1,
1345 2399 1363 2429 3
1383 2400 1499 2429 Gaudet

172 2457 208 2482 ut
227 2455 372 2489 Quiteria.
394 2470 432 2475 ——
454 2452 479 2487 1,
506 2452 527 2481 4
546 2453 681 2490 gloriam.
701 2465 739 2470 -—
759 2446 786 2482 3,
808 2446 826 2476 3
847 2447 983 2481 Quiteria
1002 2452 1117 2480 magna.
1139 2457 1176 2461 —-
1196 2441 1223 2478 4,
1243 2439 1264 2468 4
1283 2441 1334 2468 lux
1352 2447 1459 2467 amore.
