1653 2637
700 96 930 132 „90-

410 200 440 232 6.
466 197 551 230 Laus
576 194 772 236 redemptori
795 192 931 226 Domino
956 187 1116 230 perennis,

466 245 577 285 Aequa
599 245 669 276 laus
694 251 847 274 summum
872 238 1012 271 celebret
1033 236 1210 275 parentem,

465 292 602 332 Spiritus
627 290 728 323 sancti
753 290 879 321 resonet
900 294 958 326 per
983 291 1106 316 omnem

514 339 623 372 Gloria
647 338 807 369 mundum.

243 416 352 450 Hymn.
372 423 424 442 ms.
446 413 614 442 sanctensis
634 421 657 439 s.
679 419 707 437 n.
728 417 803 438 saec.
825 406 869 437 15.
890 406 955 435 add.
977 414 1052 434 saec.
1075 403 1118 434 16.

606 531 666 562 136.
698 531 742 561 De
762 537 820 560 uno
843 528 1032 559 confessore.

171 607 201 640 1.
228 604 397 639 Confessor
420 603 541 635 aeterni
564 602 676 644 patris,
851 600 880 631 5.
907 598 967 630 Tui
991 600 1139 638 precatus
1164 607 1295 632 munere

234 652 357 685 lnvicte
381 651 471 682 miles
495 648 564 689 filii,
908 645 1042 677 Nostros
1067 649 1174 677 reatus
1202 646 1296 685 dilue,

231 699 362 732 Athleta
388 696 480 729 fortis
505 696 646 739 spiritus,
904 694 1028 725 Arcens
1053 694 1128 725 mali
1155 694 1343 735 contagium,

228 746 328 779 Nobis
352 745 424 777 fave
448 742 660 784 poscentibus.
910 741 1000 772 Vitae
1024 748 1189 773 removens
1215 741 1366 773 taedium.

174 815 207 846 2.
232 812 349 846 Christi
375 819 499 842 crucem
522 812 558 842 tu
581 809 706 849 bajulas
849 808 882 840 6.
907 806 1018 839 soluta
1041 809 1116 838 sunt
1136 807 1203 846 jam
1227 807 1356 840 vincula

231 860 418 899 Christoque
444 856 584 889 confixus
610 856 705 897 cruci,
907 854 967 885 Tui
989 854 1107 886 sacrati
1130 854 1282 894 corporiS,

231 907 378 940 Juounda
400 913 552 945 spernens
577 903 697 935 saeculi
905 901 973 933 Nos
998 902 1087 933 solve
1109 902 1225 934 vinclis
1250 901 1369 933 saeculi

232 954 359 987 Gaudes
384 953 477 984 modo
502 952 536 983 in
560 959 657 991 regno
682 949 751 982 Dei.
908 951 1026 980 Amore
1048 947 1107 979 filii
1131 948 1202 981 Dei.

176 1022 206 1054 3.
236 1021 285 1052 Tu
309 1027 422 1058 nempe
447 1017 524 1049 felix
548 1017 664 1057 gaudia
850 1015 880 1046 7.
904 1014 1019 1054 Hujus,
1046 1023 1064 1045 o
1091 1014 1227 1056 Christe,
1253 1014 1376 1047 meritis

231 1068 334 1100 Ovans
361 1064 545 1098 conscendis
570 1064 680 1104 ardua,
907 1062 1034 1094 Nostris
1058 1062 1168 1094 adesto
1193 1062 1352 1102 precibus,

231 1114 468 1154 Coeligenarum
493 1110 594 1151 epulis
907 1110 972 1149 Quo
998 1109 1058 1141 tibi
1081 1109 1212 1141 laudum
1237 1109 1373 1142 debita‘

229 1161 397 1193 Fruiturus
422 1158 623 1199 perennibus.
909 1154 1099 1188 Deferamus
1124 1156 1285 1196 obsequia.

173 1229 205 1262 4.
229 1228 323 1259 Nunc
347 1235 420 1265 ergo
444 1224 545 1266 nobis,
573 1232 769 1263 quaesumus,
850 1224 881 1255 8.
908 1222 981 1254 Tibi
1005 1223 1153 1262 patrique
1178 1222 1279 1262 gloria

230 1276 384 1308 Praesens
409 1273 519 1304 adesto
545 1271 684 1304 cominus
908 1270 987 1302 Cum
1012 1272 1120 1302 sancto
1146 1270 1189 1300 sit
1213 1269 1387 1310 spiramine

233 1322 332 1354 Omne
352 1319 552 1359 impetrando
579 1318 774 1350 commodum
908 1317 946 1349 In
971 1326 1092 1348 summa
1118 1317 1197 1348 coeli
1223 1317 1311 1349 curia

230 1369 275 1400 Et
297 1370 370 1407 post
393 1374 532 1406 perenne
556 1365 714 1406 gaudium.
905 1364 998 1395 Nunc
1024 1367 1055 1396 et
1079 1373 1138 1404 per
1163 1366 1277 1396 cuncta
1302 1364 1439 1398 saecula,

249 1443 327 1471 Orat.
352 1449 404 1469 ms
424 1442 561 1476 Tegumn.
583 1441 652 1467 anni
680 1438 760 1467 1470.
782 1439 853 1467 Olm.
873 1440 987 1467 Monac.
1009 1437 1117 1467 20021.
1137 1455 1174 1460 -
1195 1441 1241 1468 De
1260 1442 1360 1467 sancto
1382 1440 1474 1467 Bene

175 1481 261 1509 dicto.
280 1494 318 1498 —-
338 1480 378 1507 Zu
398 1487 466 1515 verg
463 1478 583 1506 {eichen
601 1480 641 1505 ist
658 1477 752 1505 Mor-el
772 1475 827 1505 289
849 1477 910 1505 und
931 1475 1001 1511 296,
1031 1478 1080 1505 die
1100 1479 1152 1506 ab
1139 1486 1169 1505 cr
1188 1487 1243 1505 nui·
1264 1477 1322 1505 Str.
1344 1475 1376 1511 l,
1401 1475 1435 1510 2,
1455 1475 1475 1503 4

175 1519 235 1547 und
268 1519 331 1546 eine
360 1516 465 1544 ande1e
488 1516 571 1543 Doxo
573 1515 653 1551 logie
681 1515 1029 1543 onthalten.ve1fasser
1053 1517 1093 1542 ist
1116 1515 1315 1543 Ekkehaid
1338 1524 1407 1542 von
1427 1497 1475 1541 St.

175 1554 524 1591 Gallen.Vg1.Migne
543 1551 589 1586 87,
604 1539 655 1581 48.

596 1674 654 1705 137.
686 1673 722 1705 In
740 1674 833 1706 unius
855 1674 1054 1706 confessoris.

177 1747 207 1781 1.
235 1745 373 1784 Coelum,
400 1746 486 1776 terra
511 1747 543 1776 et
567 1745 668 1776 maria
853 1744 884 1777 4.
913 1745 1035 1783 Corpus
1061 1745 1212 1776 mactavit
1233 1745 1352 1785 jugiter

236 1794 416 1832 Cunctaque
440 1792 599 1831 abyssalia
911 1792 957 1823 Et
981 1792 1061 1823 vixit
1084 1792 1284 1833 regulariter,

234 1841 272 1873 In
297 1840 345 1871 his
371 1841 403 1871 et
428 1839 612 1871 exsistentia
912 1840 1103 1871 Abstractus
1128 1849 1148 1872 a
1171 1840 1386 1879 terrestribus,

235 1887 303 1919 Deo
330 1887 498 1919 decantent
522 1886 671 1920 carmina.
915 1886 1091 1926 Suspensus
1116 1887 1150 1919 in
1176 1887 1375 1919 coelestibus,

178 1957 212 1987 2.
236 1953 297 1993 Qui
322 1951 509 1984 confessoris
534 1952 649 1984 merita
856 1956 889 1986 5.
914 1953 976 1992 En,
1001 1953 1162 1992 supplices
1187 1962 1244 1984 nos
1269 1960 1458 1992 quaesumus

237 2001 281 2032 Et
305 2009 402 2040 opera
425 1999 592 2039 magnifica
918 2000 963 2031 Et
986 2008 1098 2038 preces
1124 2000 1164 2032 ad
1190 2002 1223 2030 te
1248 2000 1414 2038 mittimus,

238 2047 384 2080 Ostendit
407 2055 491 2078 nunc
515 2046 550 2078 in
573 2047 682 2086 patulo
914 2045 1017 2078 Aufer
1041 2046 1183 2078 rancoris
1211 2046 1318 2079 odium

239 2096 276 2127 In
302 2094 361 2126 hoc
384 2092 494 2126 fluenti
519 2094 654 2125 saeculo.
917 2093 1007 2125 Tolle
1032 2093 1193 2125 vindictae
1217 2094 1381 2133 impetum.

180 2163 212 2195 3.
236 2161 300 2193 Hic
323 2160 491 2192 sanctitate
512 2158 630 2199 floruit,
860 2160 891 2193 6.
919 2159 1064 2191 Fatiscat
1088 2168 1180 2191 omne
1203 2160 1327 2202 vitium,

239 2207 366 2241 Orando
391 2207 498 2238 multis
523 2205 653 2246 profuit,
917 2206 1076 2246 Splendor
1099 2207 1235 2239 nitescat
1260 2209 1424 2250 mentium,

237 2256 283 2288 Et
305 2255 395 2292 haec,
422 2262 502 2294 quae
518 2253 662 2286 Christus
683 2253 800 2294 docuit,
917 2254 961 2286 Et
985 2255 1114 2286 tandem
1138 2256 1195 2286 lux
1219 2260 1377 2296 perpetua

240 2303 314 2335 Vita
337 2311 396 2342 pro
420 2309 517 2341 posse
541 2301 651 2333 tenuit.
917 2301 984 2333 Nos
1009 2301 1105 2334 satiet
1127 2303 1161 2334 in
1186 2304 1323 2338 saecula.

258 2379 329 2407 Clm.
349 2378 501 2405 Monacen.
520 2374 569 2412 (01.
589 2375 738 2413 Tegurin.)
759 2374 793 2405 19
802 2374 858 2405 363
879 2384 953 2404 saec.
978 2374 1021 2404 15.
1042 2391 1080 2397 —-—
1100 2375 1127 2412 3,
1148 2375 1166 2405 2
1186 2379 1313 2414 profluit.
