1653 2637
249 1812 304 1846 10.

253 2015 306 2046 11.

677 98 911 132 -34ffl

313 197 393 237 Ipsa
414 197 477 229 Dei
501 194 638 236 genitrix
661 194 843 234 reparatrix
867 194 900 224 et
922 190 1035 223 inclita
1056 189 1178 229 mundi,

359 245 446 284 Quae
469 242 640 276 Dominum
668 243 754 272 casto
780 247 914 279 corpore
940 237 1119 277 concipiens

312 291 472 332 Perpetua
494 298 621 328 semper
642 288 749 320 radias
775 296 842 318 cum
870 285 1063 326 virginitate,

360 339 510 379 ludignos
537 335 682 375 famulos,
708 334 797 375 virgo
823 332 929 366 Maria
953 334 1035 364 tuos,

317 399 462 439 Angelici
487 404 646 438 procereS‚
671 395 828 427 coelorum
854 393 1010 425 exercitus
1035 391 1147 431 omnis,

360 447 500 478 Aeterno
525 451 650 482 semper
674 442 792 474 lumine
818 440 1014 481 conspicuus,

313 492 448 533 Agmine
471 494 521 522 ter
545 490 627 521 trino
652 489 781 521 radians
806 496 865 528 per
889 488 996 519 sidera
1020 495 1126 526 regem

360 538 523 572 Laudibus
549 539 710 569 aeternum
737 535 938 567 concelebret
959 533 1138 567 Dominum.

316 601 430 633 Petrus
455 607 523 631 eum
547 596 657 636 Paulo,
683 597 821 628 Thomas
850 604 920 627 cum
944 594 1188 627 Bartholomaeo

362 647 407 678 Et
431 645 530 679 Jacob
553 644 671 676 sanctis
694 653 752 676 nos
777 644 922 675 relevent
945 641 1104 682 precibus,

315 694 473 731 Andreas,
497 692 671 734 Mattheus,
698 691 861 723 Barnabas
887 692 981 730 atque
1005 688 1178 729 Johannes,

361 739 525 778 Matthiae,
555 739 669 778 Lucas,
696 738 825 770 Marcus
851 740 883 769 et
907 736 1069 769 altisonus.

285 826 293 833 .
320 801 433 836 Coetus
459 800 661 840 apostolicus,
687 800 831 831 duodeno
855 797 961 831 sidere
986 799 1139 838 comptus,

369 848 503 881 Cunctos
532 847 689 888 propitius
714 850 846 887 protege
869 854 927 878 nos
953 843 1099 886 famulos,

317 896 362 928 Et
386 904 463 936 quos
487 894 680 933 multiplices
705 895 848 926 lacerant
871 901 930 932 per
956 893 1088 924 crimina
1112 896 1228 932 pestes,

365 944 502 975 Peccata
527 942 666 984 absolve,
692 940 745 973 fac
768 941 852 973 bona
878 942 992 972 cuncta
1016 939 1114 979 sequi,

290 1029 298 1036 .
325 1004 417 1036 Nunc
442 1002 631 1043 Stephanus,
658 1002 766 1039 LinuS,
795 1001 949 1040 Clemens,
975 1000 1150 1032 Anacletus
1174 1002 1206 1032 et
1229 999 1342 1039 almus,

367 1050 484 1091 Sixtus,
513 1049 694 1081 Alexander
720 1049 946 1088 Corneliusque
970 1048 1052 1088 pius,

322 1097 525 1138 Hippolytus,
548 1096 651 1135 vitus,
675 1095 865 1128 Laurentius
890 1098 984 1134 atque
1007 1093 1174 1127 Modestus

369 1144 652 1183 chrysogonusque
673 1143 745 1183 pius
769 1151 827 1174 nos
852 1142 1031 1174 miserando
1054 1142 1177 1181 Juvent.

324 1204 495 1245 Senesi,
519 1205 640 1244 martyr
665 1203 803 1242 Domini,
829 1203 921 1234 miles
946 1211 1070 1243 quoque
1094 1201 1199 1244 fortis,

369 1252 489 1290 Tuque,
514 1250 777 1290 Theoponti,
802 1250 886 1290 regis
911 1249 1012 1281 amice
1036 1249 1092 1290 pii,

322 1299 388 1331 Nos
413 1298 560 1337 precibus
584 1298 699 1329 vestris
726 1296 898 1337 defendite,
925 1305 1060 1337 namque
1084 1296 1229 1339 potestis,

371 1345 535 1378 Credimus
561 1345 687 1384 experti
708 1354 840 1376 munera
859 1346 950 1376 tanta
972 1343 1043 1377 Dei.

326 1408 350 1440 O
378 1407 472 1438 decus
494 1407 691 1446 immensum,
718 1405 819 1437 nostri
843 1406 904 1445 lex,
932 1406 1043 1447 gloria,
1071 1413 1192 1449 census,

373 1455 450 1493 Par,
479 1454 630 1493 columen,
656 1454 790 1493 requies,
817 1453 929 1484 semita
954 1457 1051 1491 recta,
1077 1452 1183 1493 duces,

324 1501 431 1542 Ferte,
459 1499 582 1539 Graeci,
610 1509 726 1540 curam,
751 1500 889 1539 patriam
911 1508 1007 1540 preco
1030 1500 1159 1532 reddito
1183 1501 1293 1541 tutam,

371 1548 422 1579 Ne
445 1556 548 1587 pupus
571 1548 706 1579 incautis
731 1547 857 1579 vincula
881 1549 988 1579 nectat
1012 1547 1067 1580 eis.

293 1635 300 1642 .
326 1610 391 1642 Vos
416 1610 629 1651 tempestates,
655 1617 710 1640 vos
735 1609 829 1640 noxia
854 1616 997 1649 quaeque
1021 1606 1137 1649 fugate,

373 1656 446 1688 Non
471 1659 576 1688 aestus
601 1656 739 1693 laedant,
764 1665 828 1687 non
852 1656 981 1695 pluviae
1005 1659 1149 1696 noceant,

325 1704 456 1736 Morbos
481 1706 575 1743 utque
597 1702 712 1735 famem
736 1703 936 1743 subitumque
960 1704 1107 1743 repellite
1129 1706 1272 1747 mortem,

372 1750 529 1791 Quidquid
556 1754 588 1782 et
611 1751 684 1783 huic
708 1753 814 1783 vestro
838 1753 948 1790 posset
972 1751 1083 1783 obesse
1108 1751 1188 1784 loco.

330 1813 354 1845 O
381 1821 436 1844 vos
460 1811 605 1853 martyrii
630 1812 772 1845 decorati
796 1812 921 1844 nomine
943 1812 1072 1853 Christi,

374 1859 543 1899 Conspicui
566 1862 654 1892 veste
674 1869 835 1899 purpurea
858 1868 1017 1900 proceres,

328 1907 395 1945 Qua
418 1906 502 1938 bello
527 1906 638 1938 invicti
663 1907 838 1949 superastis
865 1907 1026 1939 daemonis
1051 1907 1126 1945 iras,

377 1952 559 1986 Consortate
584 1962 704 1994 manus,
730 1954 859 1985 vincere
880 1958 982 1986 morte
1003 1954 1115 1986 minae.

333 2014 357 2047 O
383 2014 562 2046 venerande
587 2018 688 2056 pater,
720 2014 882 2053 Silvester,
910 2020 1020 2054 pastor
1044 2015 1188 2056 amande,

375 2061 468 2092 Mens
495 2062 576 2093 calet
601 2061 758 2101 obsequiis
784 2061 952 2101 invigilare
977 2062 1048 2101 tuis,

328 2107 505 2140 Ecclesiam
531 2109 690 2147 quondam
714 2117 773 2147 per
795 2112 828 2140 te
853 2109 927 2149 quia
951 2110 1094 2141 novimus
1119 2113 1245 2143 auctam

377 2154 422 2186 Et
445 2164 606 2196 synagoga
629 2164 719 2187 suum
743 2155 889 2195 perdidit
912 2156 1075 2189 auxilium.

252 2216 308 2250 12.
334 2217 410 2250 Cum
437 2216 561 2249 Judaea
585 2226 658 2249 suos
684 2217 743 2248 tibi
767 2216 891 2256 perfert
914 2218 1012 2249 stulta
1034 2219 1214 2261 magistros,

379 2263 465 2303 Lege
486 2273 544 2297 sua
568 2264 686 2296 cecidit
709 2267 742 2296 et
764 2265 891 2297 veniam
917 2265 1020 2305 petiit.

331 2311 360 2342 A
385 2313 417 2342 te
442 2312 499 2342 sub
524 2312 616 2343 nodis
642 2313 812 2352 perstricta
837 2311 928 2344 fauce
953 2313 1099 2345 draconis

381 2358 477 2391 Plebs
501 2359 690 2392 moribunda
714 2368 789 2393 suae
816 2360 898 2393 dona
922 2360 1033 2393 salutis
1059 2361 1166 2395 habet.
