<?xml version="1.0" encoding="UTF-8"?>
<!DOCTYPE html PUBLIC "-//W3C//DTD XHTML 1.0 Transitional//EN"
    "http://www.w3.org/TR/xhtml1/DTD/xhtml1-transitional.dtd">
<html xmlns="http://www.w3.org/1999/xhtml" xml:lang="en" lang="en">
 <head>
  <title>
</title>
<meta http-equiv="Content-Type" content="text/html;charset=utf-8" />
  <meta name='ocr-system' content='tesseract 3.04.00' />
  <meta name='ocr-capabilities' content='ocr_page ocr_carea ocr_par ocr_line ocrx_word'/>
</head>
<body>
  <div class='ocr_page' id='page_1' title='image "./analectahymnica23drevuoft_00042.png"; bbox 0 0 1653 2637; ppageno 0'>
   <div class='ocr_carea' id='block_1_1' title="bbox 732 137 967 173">
    <p class='ocr_par' dir='ltr' id='par_1_1' title="bbox 732 137 967 173">
     <span class='ocr_line' id='line_1_1' title="bbox 732 137 967 173; baseline 0 -10"><span class='ocrx_word' id='word_1_1' title='bbox 732 137 967 173; x_wconf 60' lang='lat'>—39-</span> 
     </span>
    </p>
   </div>
   <div class='ocr_carea' id='block_1_2' title="bbox 633 230 1071 328">
    <p class='ocr_par' dir='ltr' id='par_1_2' title="bbox 633 230 1071 328">
     <span class='ocr_line' id='line_1_2' title="bbox 633 230 1071 263; baseline -0.005 0"><span class='ocrx_word' id='word_1_2' title='bbox 633 231 679 263; x_wconf 84' lang='lat'>58.</span> <span class='ocrx_word' id='word_1_3' title='bbox 707 231 743 263; x_wconf 88' lang='grc'>111</span> <span class='ocrx_word' id='word_1_4' title='bbox 763 231 864 263; x_wconf 80' lang='lat' dir='ltr'>saneti</span> <span class='ocrx_word' id='word_1_5' title='bbox 884 230 1071 263; x_wconf 82' lang='lat' dir='ltr'>Salvatoris.</span> 
     </span>
     <span class='ocr_line' id='line_1_3' title="bbox 741 289 964 328; baseline 0 -9"><span class='ocrx_word' id='word_1_6' title='bbox 741 289 789 319; x_wconf 88' lang='lat' dir='ltr'>Ad</span> <span class='ocrx_word' id='word_1_7' title='bbox 808 289 964 328; x_wconf 86' lang='lat' dir='ltr'>Vesperas.</span> 
     </span>
    </p>
   </div>
   <div class='ocr_carea' id='block_1_3' title="bbox 195 347 1509 1030">
    <p class='ocr_par' dir='ltr' id='par_1_3' title="bbox 195 347 1509 1030">
     <span class='ocr_line' id='line_1_4' title="bbox 197 347 1369 383; baseline 0.002 -4"><span class='ocrx_word' id='word_1_8' title='bbox 197 349 228 380; x_wconf 84' lang='lat'>1.</span> <span class='ocrx_word' id='word_1_9' title='bbox 254 347 379 379; x_wconf 79' lang='lat' dir='ltr'>Berithi</span> <span class='ocrx_word' id='word_1_10' title='bbox 405 348 480 380; x_wconf 89' lang='lat' dir='ltr'>dum</span> <span class='ocrx_word' id='word_1_11' title='bbox 506 348 696 383; x_wconf 80' lang='lat' dir='ltr'>Christicola</span> <span class='ocrx_word' id='word_1_12' title='bbox 879 351 910 383; x_wconf 92' lang='lat'>4.</span> <span class='ocrx_word' id='word_1_13' title='bbox 939 351 978 383; x_wconf 90' lang='lat' dir='ltr'>In</span> <span class='ocrx_word' id='word_1_14' title='bbox 1004 349 1122 382; x_wconf 75' lang='lat' dir='ltr'>Christi</span> <span class='ocrx_word' id='word_1_15' title='bbox 1148 350 1369 383; x_wconf 82' lang='lat' dir='ltr'>contumeliam</span> 
     </span>
     <span class='ocr_line' id='line_1_5' title="bbox 254 395 1264 437; baseline 0.001 -10"><span class='ocrx_word' id='word_1_16' title='bbox 254 395 353 428; x_wconf 87' lang='lat' dir='ltr'>Urbis</span> <span class='ocrx_word' id='word_1_17' title='bbox 378 400 523 429; x_wconf 77' lang='lat' dir='ltr'>maneret-</span> <span class='ocrx_word' id='word_1_18' title='bbox 546 398 660 437; x_wconf 85' lang='lat' dir='ltr'>incola,</span> <span class='ocrx_word' id='word_1_19' title='bbox 936 398 991 429; x_wconf 84' lang='grc'>1111</span> <span class='ocrx_word' id='word_1_20' title='bbox 1014 396 1093 430; x_wconf 76' lang='lat' dir='ltr'>facit</span> <span class='ocrx_word' id='word_1_21' title='bbox 1116 397 1264 437; x_wconf 88' lang='lat' dir='ltr'>injuriam</span> 
     </span>
     <span class='ocr_line' id='line_1_6' title="bbox 255 442 1389 477; baseline 0.001 -3"><span class='ocrx_word' id='word_1_22' title='bbox 255 442 320 475; x_wconf 90' lang='lat' dir='ltr'>Uni</span> <span class='ocrx_word' id='word_1_23' title='bbox 343 444 461 476; x_wconf 80' lang='lat' dir='ltr'>colenti</span> <span class='ocrx_word' id='word_1_24' title='bbox 485 445 574 477; x_wconf 83' lang='lat' dir='ltr'>idola</span> <span class='ocrx_word' id='word_1_25' title='bbox 939 445 984 477; x_wconf 79' lang='lat' dir='ltr'>Et</span> <span class='ocrx_word' id='word_1_26' title='bbox 1007 445 1139 476; x_wconf 80' lang='lat' dir='ltr'>multam</span> <span class='ocrx_word' id='word_1_27' title='bbox 1164 445 1389 477; x_wconf 86' lang='lat' dir='ltr'>verecundiam</span> 
     </span>
     <span class='ocr_line' id='line_1_7' title="bbox 255 490 1441 532; baseline 0.002 -10"><span class='ocrx_word' id='word_1_28' title='bbox 255 490 351 523; x_wconf 84' lang='lat' dir='ltr'>Suam</span> <span class='ocrx_word' id='word_1_29' title='bbox 375 492 495 524; x_wconf 73' lang='lat' dir='ltr'>locavit</span> <span class='ocrx_word' id='word_1_30' title='bbox 520 493 676 526; x_wconf 88' lang='lat' dir='ltr'>cellulam.</span> <span class='ocrx_word' id='word_1_31' title='bbox 939 492 1034 524; x_wconf 89' lang='lat' dir='ltr'>Hunc</span> <span class='ocrx_word' id='word_1_32' title='bbox 1057 501 1209 524; x_wconf 84' lang='lat' dir='ltr'>accusans</span> <span class='ocrx_word' id='word_1_33' title='bbox 1231 492 1441 532; x_wconf 83' lang='lat' dir='ltr'>praesulibus,</span> 
     </span>
     <span class='ocr_line' id='line_1_8' title="bbox 195 547 1355 590; baseline 0.001 -11"><span class='ocrx_word' id='word_1_34' title='bbox 195 549 227 580; x_wconf 84' lang='lat'>2.</span> <span class='ocrx_word' id='word_1_35' title='bbox 253 547 292 579; x_wconf 90' lang='lat' dir='ltr'>In</span> <span class='ocrx_word' id='word_1_36' title='bbox 317 557 379 588; x_wconf 87' lang='lat' dir='ltr'>qua</span> <span class='ocrx_word' id='word_1_37' title='bbox 405 557 476 580; x_wconf 86' lang='lat' dir='ltr'>eum</span> <span class='ocrx_word' id='word_1_38' title='bbox 500 548 538 581; x_wconf 75' lang='lat' dir='ltr'>fit</span> <span class='ocrx_word' id='word_1_39' title='bbox 562 550 750 590; x_wconf 83' lang='lat' dir='ltr'>convivium,</span> <span class='ocrx_word' id='word_1_40' title='bbox 885 552 915 584; x_wconf 84' lang='lat'>5.</span> <span class='ocrx_word' id='word_1_41' title='bbox 942 550 1001 590; x_wconf 78' lang='lat' dir='ltr'>Qui</span> <span class='ocrx_word' id='word_1_42' title='bbox 1025 558 1171 582; x_wconf 82' lang='lat' dir='ltr'>accusam</span> <span class='ocrx_word' id='word_1_43' title='bbox 1196 549 1355 589; x_wconf 85' lang='lat' dir='ltr'>recipiunt</span> 
     </span>
     <span class='ocr_line' id='line_1_9' title="bbox 255 595 1317 631; baseline 0.001 -4"><span class='ocrx_word' id='word_1_44' title='bbox 255 595 346 627; x_wconf 89' lang='lat' dir='ltr'>Tunc</span> <span class='ocrx_word' id='word_1_45' title='bbox 369 606 450 629; x_wconf 86' lang='lat' dir='ltr'>unus</span> <span class='ocrx_word' id='word_1_46' title='bbox 477 597 742 629; x_wconf 75' lang='lat' dir='ltr'>discumbentium</span> <span class='ocrx_word' id='word_1_47' title='bbox 943 598 1117 631; x_wconf 82' lang='lat' dir='ltr'>Concilium</span> <span class='ocrx_word' id='word_1_48' title='bbox 1140 599 1172 629; x_wconf 76' lang='lat' dir='ltr'>et</span> <span class='ocrx_word' id='word_1_49' title='bbox 1195 596 1317 628; x_wconf 79' lang='lat' dir='ltr'>faciunt</span> 
     </span>
     <span class='ocr_line' id='line_1_10' title="bbox 258 643 1343 684; baseline 0 -9"><span class='ocrx_word' id='word_1_50' title='bbox 258 643 379 675; x_wconf 88' lang='lat' dir='ltr'>Videns</span> <span class='ocrx_word' id='word_1_51' title='bbox 403 645 538 676; x_wconf 71' lang='lat' dir='ltr'>miratur</span> <span class='ocrx_word' id='word_1_52' title='bbox 561 645 692 676; x_wconf 88' lang='lat' dir='ltr'>nimium</span> <span class='ocrx_word' id='word_1_53' title='bbox 938 645 983 677; x_wconf 74' lang='lat' dir='ltr'>Et</span> <span class='ocrx_word' id='word_1_54' title='bbox 1006 648 1187 677; x_wconf 82' lang='lat' dir='ltr'>accusatum</span> <span class='ocrx_word' id='word_1_55' title='bbox 1213 645 1343 684; x_wconf 75' lang='lat' dir='ltr'>cupiunt</span> 
     </span>
     <span class='ocr_line' id='line_1_11' title="bbox 255 690 1388 732; baseline 0.002 -10"><span class='ocrx_word' id='word_1_56' title='bbox 255 690 430 723; x_wconf 76' lang='lat' dir='ltr'>Salvatoris</span> <span class='ocrx_word' id='word_1_57' title='bbox 454 692 634 732; x_wconf 85' lang='lat' dir='ltr'>imaginem.</span> <span class='ocrx_word' id='word_1_58' title='bbox 940 692 1079 732; x_wconf 82' lang='lat' dir='ltr'>Propter</span> <span class='ocrx_word' id='word_1_59' title='bbox 1101 692 1224 724; x_wconf 89' lang='lat' dir='ltr'>iconam</span> <span class='ocrx_word' id='word_1_60' title='bbox 1248 692 1388 724; x_wconf 84' lang='lat' dir='ltr'>laedere.</span> 
     </span>
     <span class='ocr_line' id='line_1_12' title="bbox 195 747 1302 789; baseline 0 -9"><span class='ocrx_word' id='word_1_61' title='bbox 195 748 227 781; x_wconf 86' lang='lat'>3.</span> <span class='ocrx_word' id='word_1_62' title='bbox 253 747 298 779; x_wconf 78' lang='lat' dir='ltr'>Et</span> <span class='ocrx_word' id='word_1_63' title='bbox 323 750 495 780; x_wconf 75' lang='lat' dir='ltr'>commotus</span> <span class='ocrx_word' id='word_1_64' title='bbox 519 748 553 779; x_wconf 92' lang='lat' dir='ltr'>in</span> <span class='ocrx_word' id='word_1_65' title='bbox 578 747 663 780; x_wconf 80' lang='lat' dir='ltr'>furia.</span> <span class='ocrx_word' id='word_1_66' title='bbox 884 749 914 781; x_wconf 85' lang='lat'>6.</span> <span class='ocrx_word' id='word_1_67' title='bbox 942 748 991 780; x_wconf 74' lang='lat' dir='ltr'>Sit</span> <span class='ocrx_word' id='word_1_68' title='bbox 1014 749 1167 780; x_wconf 82' lang='lat' dir='ltr'>salvatori</span> <span class='ocrx_word' id='word_1_69' title='bbox 1191 749 1302 789; x_wconf 81' lang='lat' dir='ltr'>gloria,</span> 
     </span>
     <span class='ocr_line' id='line_1_13' title="bbox 255 794 1292 836; baseline 0.001 -10"><span class='ocrx_word' id='word_1_70' title='bbox 255 794 344 827; x_wconf 80' lang='lat' dir='ltr'>Dicit</span> <span class='ocrx_word' id='word_1_71' title='bbox 370 796 460 828; x_wconf 83' lang='lat' dir='ltr'>danti</span> <span class='ocrx_word' id='word_1_72' title='bbox 486 796 649 828; x_wconf 87' lang='lat' dir='ltr'>convivia:</span> <span class='ocrx_word' id='word_1_73' title='bbox 942 796 1038 836; x_wconf 84' lang='lat' dir='ltr'>Cujus</span> <span class='ocrx_word' id='word_1_74' title='bbox 1062 796 1174 827; x_wconf 88' lang='lat' dir='ltr'>iconae</span> <span class='ocrx_word' id='word_1_75' title='bbox 1198 796 1292 836; x_wconf 81' lang='lat' dir='ltr'>Syria</span> 
     </span>
     <span class='ocr_line' id='line_1_14' title="bbox 253 842 1356 883; baseline 0 -8"><span class='ocrx_word' id='word_1_76' title='bbox 253 842 340 883; x_wconf 82' lang='lat' dir='ltr'>Lege</span> <span class='ocrx_word' id='word_1_77' title='bbox 365 844 474 875; x_wconf 85' lang='lat' dir='ltr'>vivens</span> <span class='ocrx_word' id='word_1_78' title='bbox 497 843 658 875; x_wconf 82' lang='lat' dir='ltr'>Hebraica</span> <span class='ocrx_word' id='word_1_79' title='bbox 941 843 1047 875; x_wconf 81' lang='lat' dir='ltr'>Multa</span> <span class='ocrx_word' id='word_1_80' title='bbox 1072 842 1150 875; x_wconf 78' lang='lat' dir='ltr'>fecit</span> <span class='ocrx_word' id='word_1_81' title='bbox 1173 843 1356 883; x_wconf 87' lang='lat' dir='ltr'>opprobria,</span> 
     </span>
     <span class='ocr_line' id='line_1_15' title="bbox 254 890 1428 932; baseline -0.001 -9"><span class='ocrx_word' id='word_1_82' title='bbox 254 891 381 923; x_wconf 87' lang='lat' dir='ltr'>Adoras</span> <span class='ocrx_word' id='word_1_83' title='bbox 408 890 527 923; x_wconf 82' lang='lat' dir='ltr'>Christi</span> <span class='ocrx_word' id='word_1_84' title='bbox 552 894 689 922; x_wconf 78' lang='lat' dir='ltr'>statuam</span> <span class='ocrx_word' id='word_1_85' title='bbox 698 891 714 921; x_wconf 66' lang='lat' dir='ltr'>‘s</span> <span class='ocrx_word' id='word_1_86' title='bbox 942 890 985 923; x_wconf 83' lang='lat' dir='ltr'>Et</span> <span class='ocrx_word' id='word_1_87' title='bbox 1010 900 1094 922; x_wconf 90' lang='lat' dir='ltr'>nunc</span> <span class='ocrx_word' id='word_1_88' title='bbox 1118 894 1150 922; x_wconf 77' lang='lat' dir='ltr'>el:</span> <span class='ocrx_word' id='word_1_89' title='bbox 1172 891 1205 922; x_wconf 91' lang='lat' dir='ltr'>in</span> <span class='ocrx_word' id='word_1_90' title='bbox 1230 894 1428 932; x_wconf 79' lang='lat' dir='ltr'>perpetuum.</span> 
     </span>
     <span class='ocr_line' id='line_1_16' title="bbox 270 953 1509 992; baseline 0 -9"><span class='ocrx_word' id='word_1_91' title='bbox 270 956 355 983; x_wconf 85' lang='lat' dir='ltr'>Brev.</span> <span class='ocrx_word' id='word_1_92' title='bbox 377 965 430 984; x_wconf 87' lang='lat' dir='ltr'>ms.</span> <span class='ocrx_word' id='word_1_93' title='bbox 444 956 474 984; x_wconf 79' lang='lat' dir='ltr'>S.</span> <span class='ocrx_word' id='word_1_94' title='bbox 491 956 597 984; x_wconf 79' lang='lat' dir='ltr'>Gratae</span> <span class='ocrx_word' id='word_1_95' title='bbox 613 957 784 992; x_wconf 74' lang='lat' dir='ltr'>Pergamen.</span> <span class='ocrx_word' id='word_1_96' title='bbox 804 964 879 984; x_wconf 76' lang='lat' dir='ltr'>saec.</span> <span class='ocrx_word' id='word_1_97' title='bbox 901 953 974 984; x_wconf 70' lang='lat' dir='ltr'>¹⁵l1c.</span> <span class='ocrx_word' id='word_1_98' title='bbox 1009 955 1077 983; x_wconf 81' lang='lat' dir='ltr'>Cod.</span> <span class='ocrx_word' id='word_1_99' title='bbox 1096 957 1280 984; x_wconf 83' lang='lat' dir='ltr'>Ambrosian.</span> <span class='ocrx_word' id='word_1_100' title='bbox 1294 956 1319 983; x_wconf 88' lang='grc' dir='ltr'><strong>Τ</strong></span> <span class='ocrx_word' id='word_1_101' title='bbox 1337 954 1370 984; x_wconf 77' lang='grc' dir='ltr'>4ἕ</span> <span class='ocrx_word' id='word_1_102' title='bbox 1389 966 1452 992; x_wconf 61' lang='lat' dir='ltr'>sup.</span> <span class='ocrx_word' id='word_1_103' title='bbox 1473 971 1509 975; x_wconf 87' lang='lat'>—-</span> 
     </span>
     <span class='ocr_line' id='line_1_17' title="bbox 195 991 1257 1030; baseline 0.001 -10"><span class='ocrx_word' id='word_1_104' title='bbox 195 991 222 1026; x_wconf 81' lang='lat'>2,</span> <span class='ocrx_word' id='word_1_105' title='bbox 243 991 260 1021; x_wconf 84' lang='lat'><strong>3</strong></span> <span class='ocrx_word' id='word_1_106' title='bbox 281 996 432 1022; x_wconf 64' lang='lat' dir='ltr'>miranhun</span> <span class='ocrx_word' id='word_1_107' title='bbox 452 1008 490 1012; x_wconf 92' lang='lat'>—</span> <span class='ocrx_word' id='word_1_108' title='bbox 509 992 536 1028; x_wconf 83' lang='lat'>3,</span> <span class='ocrx_word' id='word_1_109' title='bbox 557 992 574 1022; x_wconf 88' lang='lat'><strong>3</strong></span> <span class='ocrx_word' id='word_1_110' title='bbox 594 995 739 1022; x_wconf 83' lang='lat' dir='ltr'>Hebraea.</span> <span class='ocrx_word' id='word_1_111' title='bbox 755 1010 794 1014; x_wconf 90' lang='lat'>—</span> <span class='ocrx_word' id='word_1_112' title='bbox 814 993 839 1030; x_wconf 86' lang='lat'>5,</span> <span class='ocrx_word' id='word_1_113' title='bbox 863 992 878 1021; x_wconf 86' lang='lat'>1</span> <span class='ocrx_word' id='word_1_114' title='bbox 898 994 967 1022; x_wconf 85' lang='lat' dir='ltr'>Lies</span> <span class='ocrx_word' id='word_1_115' title='bbox 988 994 1046 1027; x_wconf 77' lang='lat' dir='ltr'>Qui</span> <span class='ocrx_word' id='word_1_116' title='bbox 1066 1002 1100 1022; x_wconf 87' lang='grc'>30</span> <span class='ocrx_word' id='word_1_117' title='bbox 1120 995 1257 1022; x_wconf 84' lang='lat' dir='ltr'>eausam?</span> 
     </span>
    </p>
   </div>
   <div class='ocr_carea' id='block_1_4' title="bbox 632 1066 1072 1099">
    <p class='ocr_par' dir='ltr' id='par_1_4' title="bbox 632 1066 1072 1099">
     <span class='ocr_line' id='line_1_18' title="bbox 632 1066 1072 1099; baseline 0 -1"><span class='ocrx_word' id='word_1_118' title='bbox 632 1067 679 1098; x_wconf 83' lang='lat'>59.</span> <span class='ocrx_word' id='word_1_119' title='bbox 710 1067 744 1099; x_wconf 92' lang='lat' dir='ltr'>In</span> <span class='ocrx_word' id='word_1_120' title='bbox 766 1066 868 1098; x_wconf 77' lang='lat' dir='ltr'>sancti</span> <span class='ocrx_word' id='word_1_121' title='bbox 888 1067 1072 1098; x_wconf 81' lang='lat' dir='ltr'>Salvatoris.</span> 
     </span>
    </p>
   </div>
   <div class='ocr_carea' id='block_1_5' title="bbox 198 1124 1485 1568">
    <p class='ocr_par' dir='ltr' id='par_1_5' title="bbox 757 1124 951 1155">
     <span class='ocr_line' id='line_1_19' title="bbox 757 1124 951 1155; baseline -0.005 -1"><span class='ocrx_word' id='word_1_122' title='bbox 757 1125 804 1154; x_wconf 84' lang='lat' dir='ltr'>Ad</span> <span class='ocrx_word' id='word_1_123' title='bbox 824 1124 951 1155; x_wconf 79' lang='lat' dir='ltr'>Laudes.</span> 
     </span>
    </p>

    <p class='ocr_par' dir='ltr' id='par_1_6' title="bbox 200 1184 1485 1367">
     <span class='ocr_line' id='line_1_20' title="bbox 200 1184 1485 1226; baseline -0.002 -7"><span class='ocrx_word' id='word_1_124' title='bbox 200 1186 231 1219; x_wconf 88' lang='lat'>1.</span> <span class='ocrx_word' id='word_1_125' title='bbox 258 1185 365 1225; x_wconf 77' lang='lat' dir='ltr'>Imago</span> <span class='ocrx_word' id='word_1_126' title='bbox 390 1186 494 1224; x_wconf 83' lang='lat' dir='ltr'>patris</span> <span class='ocrx_word' id='word_1_127' title='bbox 520 1185 621 1226; x_wconf 85' lang='lat' dir='ltr'>unice,</span> <span class='ocrx_word' id='word_1_128' title='bbox 887 1186 918 1217; x_wconf 85' lang='lat'>3.</span> <span class='ocrx_word' id='word_1_129' title='bbox 944 1184 990 1217; x_wconf 84' lang='lat' dir='ltr'>Ut</span> <span class='ocrx_word' id='word_1_130' title='bbox 1015 1184 1172 1224; x_wconf 84' lang='lat' dir='ltr'>quondam</span> <span class='ocrx_word' id='word_1_131' title='bbox 1199 1193 1293 1216; x_wconf 87' lang='lat' dir='ltr'>carne</span> <span class='ocrx_word' id='word_1_132' title='bbox 1316 1185 1485 1225; x_wconf 84' lang='lat' dir='ltr'>languidos</span> 
     </span>
     <span class='ocr_line' id='line_1_21' title="bbox 256 1231 1325 1272; baseline 0.001 -9"><span class='ocrx_word' id='word_1_133' title='bbox 256 1232 329 1264; x_wconf 88' lang='lat' dir='ltr'>Tibi</span> <span class='ocrx_word' id='word_1_134' title='bbox 353 1232 527 1272; x_wconf 81' lang='lat' dir='ltr'>psallentes</span> <span class='ocrx_word' id='word_1_135' title='bbox 551 1232 685 1272; x_wconf 82' lang='lat' dir='ltr'>respice,</span> <span class='ocrx_word' id='word_1_136' title='bbox 944 1231 1041 1272; x_wconf 89' lang='lat' dir='ltr'>Ligni</span> <span class='ocrx_word' id='word_1_137' title='bbox 1067 1241 1178 1264; x_wconf 89' lang='lat' dir='ltr'>cruore</span> <span class='ocrx_word' id='word_1_138' title='bbox 1201 1232 1325 1264; x_wconf 82' lang='lat' dir='ltr'>validos</span> 
     </span>
     <span class='ocr_line' id='line_1_22' title="bbox 255 1279 1381 1320; baseline 0 -9"><span class='ocrx_word' id='word_1_139' title='bbox 255 1279 323 1311; x_wconf 90' lang='lat' dir='ltr'>Tuo</span> <span class='ocrx_word' id='word_1_140' title='bbox 348 1280 533 1319; x_wconf 76' lang='lat' dir='ltr'>redemptos</span> <span class='ocrx_word' id='word_1_141' title='bbox 557 1280 711 1319; x_wconf 86' lang='lat' dir='ltr'>sanguine</span> <span class='ocrx_word' id='word_1_142' title='bbox 941 1279 1072 1320; x_wconf 78' lang='lat' dir='ltr'>Fecisti,</span> <span class='ocrx_word' id='word_1_143' title='bbox 1097 1280 1144 1311; x_wconf 90' lang='lat' dir='ltr'>sic</span> <span class='ocrx_word' id='word_1_144' title='bbox 1166 1289 1224 1311; x_wconf 93' lang='lat' dir='ltr'>nos</span> <span class='ocrx_word' id='word_1_145' title='bbox 1251 1280 1381 1311; x_wconf 88' lang='lat' dir='ltr'>crimine</span> 
     </span>
     <span class='ocr_line' id='line_1_23' title="bbox 254 1327 1408 1367; baseline 0.001 -8"><span class='ocrx_word' id='word_1_146' title='bbox 254 1327 306 1359; x_wconf 89' lang='lat' dir='ltr'>Ab</span> <span class='ocrx_word' id='word_1_147' title='bbox 332 1328 417 1359; x_wconf 89' lang='lat' dir='ltr'>omni</span> <span class='ocrx_word' id='word_1_148' title='bbox 440 1336 542 1367; x_wconf 83' lang='lat' dir='ltr'>purga</span> <span class='ocrx_word' id='word_1_149' title='bbox 568 1327 708 1358; x_wconf 85' lang='lat' dir='ltr'>crimine.</span> <span class='ocrx_word' id='word_1_150' title='bbox 944 1327 1059 1359; x_wconf 80' lang='lat' dir='ltr'>Sancto</span> <span class='ocrx_word' id='word_1_151' title='bbox 1084 1328 1203 1359; x_wconf 84' lang='lat' dir='ltr'>munda</span> <span class='ocrx_word' id='word_1_152' title='bbox 1226 1328 1408 1367; x_wconf 84' lang='lat' dir='ltr'>spiramine.</span> 
     </span>
    </p>

    <p class='ocr_par' dir='ltr' id='par_1_7' title="bbox 198 1383 1453 1568">
     <span class='ocr_line' id='line_1_24' title="bbox 198 1383 1437 1425; baseline 0 -9"><span class='ocrx_word' id='word_1_153' title='bbox 198 1386 228 1419; x_wconf 76' lang='lat'>2.</span> <span class='ocrx_word' id='word_1_154' title='bbox 256 1385 294 1416; x_wconf 89' lang='lat' dir='ltr'>In</span> <span class='ocrx_word' id='word_1_155' title='bbox 319 1383 422 1416; x_wconf 85' lang='lat' dir='ltr'>forma</span> <span class='ocrx_word' id='word_1_156' title='bbox 445 1385 548 1424; x_wconf 89' lang='lat' dir='ltr'>primo</span> <span class='ocrx_word' id='word_1_157' title='bbox 574 1392 690 1415; x_wconf 81' lang='lat' dir='ltr'>carnea</span> <span class='ocrx_word' id='word_1_158' title='bbox 885 1385 917 1417; x_wconf 89' lang='lat'>4.</span> <span class='ocrx_word' id='word_1_159' title='bbox 943 1385 993 1416; x_wconf 81' lang='lat' dir='ltr'>Tu</span> <span class='ocrx_word' id='word_1_160' title='bbox 1018 1386 1085 1415; x_wconf 82' lang='lat' dir='ltr'>esto</span> <span class='ocrx_word' id='word_1_161' title='bbox 1109 1387 1252 1416; x_wconf 83' lang='lat' dir='ltr'>nostrum</span> <span class='ocrx_word' id='word_1_162' title='bbox 1276 1385 1437 1425; x_wconf 85' lang='lat' dir='ltr'>gaudium,</span> 
     </span>
     <span class='ocr_line' id='line_1_25' title="bbox 258 1430 1422 1473; baseline -0.001 -9"><span class='ocrx_word' id='word_1_163' title='bbox 258 1433 411 1473; x_wconf 86' lang='lat' dir='ltr'>Idemque</span> <span class='ocrx_word' id='word_1_164' title='bbox 435 1440 548 1471; x_wconf 88' lang='lat' dir='ltr'>passus</span> <span class='ocrx_word' id='word_1_165' title='bbox 572 1432 687 1473; x_wconf 84' lang='lat' dir='ltr'>lignea,</span> <span class='ocrx_word' id='word_1_166' title='bbox 943 1430 1002 1469; x_wconf 76' lang='lat' dir='ltr'>Qui</span> <span class='ocrx_word' id='word_1_167' title='bbox 1028 1439 1061 1462; x_wconf 87' lang='lat' dir='ltr'>es</span> <span class='ocrx_word' id='word_1_168' title='bbox 1086 1430 1211 1463; x_wconf 78' lang='lat' dir='ltr'>futurus</span> <span class='ocrx_word' id='word_1_169' title='bbox 1236 1432 1422 1473; x_wconf 86' lang='lat' dir='ltr'>praemium,</span> 
     </span>
     <span class='ocr_line' id='line_1_26' title="bbox 256 1477 1362 1524; baseline -0.001 -12"><span class='ocrx_word' id='word_1_170' title='bbox 256 1480 380 1512; x_wconf 84' lang='lat' dir='ltr'>Mundo</span> <span class='ocrx_word' id='word_1_171' title='bbox 409 1479 521 1524; x_wconf 74' lang='lat' dir='ltr'>salutis</span> <span class='ocrx_word' id='word_1_172' title='bbox 546 1479 663 1519; x_wconf 85' lang='lat' dir='ltr'>gaudia</span> <span class='ocrx_word' id='word_1_173' title='bbox 943 1477 992 1510; x_wconf 72' lang='lat' dir='ltr'>Sit</span> <span class='ocrx_word' id='word_1_174' title='bbox 1011 1482 1121 1511; x_wconf 81' lang='lat' dir='ltr'>nostra</span> <span class='ocrx_word' id='word_1_175' title='bbox 1145 1479 1178 1510; x_wconf 91' lang='lat' dir='ltr'>in</span> <span class='ocrx_word' id='word_1_176' title='bbox 1202 1482 1235 1510; x_wconf 83' lang='lat' dir='ltr'>te</span> <span class='ocrx_word' id='word_1_177' title='bbox 1260 1480 1362 1519; x_wconf 79' lang='lat' dir='ltr'>gloria</span> 
     </span>
     <span class='ocr_line' id='line_1_27' title="bbox 255 1525 1453 1568; baseline 0 -8"><span class='ocrx_word' id='word_1_178' title='bbox 255 1528 414 1560; x_wconf 82' lang='lat' dir='ltr'>Mandans</span> <span class='ocrx_word' id='word_1_179' title='bbox 439 1535 498 1567; x_wconf 88' lang='lat' dir='ltr'>per</span> <span class='ocrx_word' id='word_1_180' title='bbox 524 1527 626 1558; x_wconf 85' lang='lat' dir='ltr'>crucis</span> <span class='ocrx_word' id='word_1_181' title='bbox 651 1525 803 1567; x_wconf 88' lang='lat' dir='ltr'>praemia.</span> <span class='ocrx_word' id='word_1_182' title='bbox 941 1526 1003 1558; x_wconf 87' lang='lat' dir='ltr'>Per</span> <span class='ocrx_word' id='word_1_183' title='bbox 1029 1529 1143 1557; x_wconf 82' lang='lat' dir='ltr'>cuncta</span> <span class='ocrx_word' id='word_1_184' title='bbox 1167 1535 1292 1568; x_wconf 87' lang='lat' dir='ltr'>semper</span> <span class='ocrx_word' id='word_1_185' title='bbox 1316 1528 1453 1560; x_wconf 84' lang='lat' dir='ltr'>saecula.</span> 
     </span>
    </p>
   </div>
   <div class='ocr_carea' id='block_1_6' title="bbox 194 1588 1512 1665">
    <p class='ocr_par' dir='ltr' id='par_1_8' title="bbox 194 1588 1512 1665">
     <span class='ocr_line' id='line_1_28' title="bbox 273 1588 1512 1629; baseline 0 -8"><span class='ocrx_word' id='word_1_186' title='bbox 273 1594 356 1621; x_wconf 84' lang='lat' dir='ltr'>Brev.</span> <span class='ocrx_word' id='word_1_187' title='bbox 377 1601 433 1620; x_wconf 87' lang='lat' dir='ltr'>ms.</span> <span class='ocrx_word' id='word_1_188' title='bbox 450 1591 479 1620; x_wconf 83' lang='lat' dir='ltr'>S.</span> <span class='ocrx_word' id='word_1_189' title='bbox 494 1592 604 1621; x_wconf 76' lang='lat' dir='ltr'>Gratae</span> <span class='ocrx_word' id='word_1_190' title='bbox 613 1592 786 1628; x_wconf 85' lang='lat' dir='ltr'>Pergamen.</span> <span class='ocrx_word' id='word_1_191' title='bbox 807 1599 883 1618; x_wconf 84' lang='lat' dir='ltr'>saec.</span> <span class='ocrx_word' id='word_1_192' title='bbox 897 1588 971 1619; x_wconf 76' lang='lat' dir='ltr'>1&#39;⁵l1e.</span> <span class='ocrx_word' id='word_1_193' title='bbox 1009 1591 1079 1619; x_wconf 84' lang='lat' dir='ltr'>Cod.</span> <span class='ocrx_word' id='word_1_194' title='bbox 1096 1592 1279 1620; x_wconf 69' lang='lat' dir='ltr'>Ambrosian.</span> <span class='ocrx_word' id='word_1_195' title='bbox 1292 1593 1317 1620; x_wconf 88' lang='lat' dir='ltr'>T</span> <span class='ocrx_word' id='word_1_196' title='bbox 1336 1590 1373 1621; x_wconf 79' lang='lat'>43</span> <span class='ocrx_word' id='word_1_197' title='bbox 1397 1602 1460 1629; x_wconf 86' lang='lat' dir='ltr'>sup.</span> <span class='ocrx_word' id='word_1_198' title='bbox 1475 1608 1512 1612; x_wconf 92' lang='grc'>-</span> 
     </span>
     <span class='ocr_line' id='line_1_29' title="bbox 194 1629 519 1665; baseline -0.006 -5"><span class='ocrx_word' id='word_1_199' title='bbox 194 1629 221 1665; x_wconf 81' lang='grc'>3,</span> <span class='ocrx_word' id='word_1_200' title='bbox 242 1630 262 1659; x_wconf 89' lang='grc'>4</span> <span class='ocrx_word' id='word_1_201' title='bbox 280 1631 387 1659; x_wconf 73' lang='lat' dir='ltr'>Sancto</span> <span class='ocrx_word' id='word_1_202' title='bbox 407 1630 519 1658; x_wconf 78' lang='lat' dir='ltr'>mundi.</span> 
     </span>
    </p>
   </div>
   <div class='ocr_carea' id='block_1_7' title="bbox 635 1703 1076 1800">
    <p class='ocr_par' dir='ltr' id='par_1_9' title="bbox 635 1703 1076 1800">
     <span class='ocr_line' id='line_1_30' title="bbox 635 1703 1076 1735; baseline 0.002 -1"><span class='ocrx_word' id='word_1_203' title='bbox 635 1703 683 1735; x_wconf 90' lang='lat'>60.</span> <span class='ocrx_word' id='word_1_204' title='bbox 712 1703 748 1735; x_wconf 87' lang='lat' dir='ltr'>In</span> <span class='ocrx_word' id='word_1_205' title='bbox 768 1703 870 1735; x_wconf 80' lang='lat' dir='ltr'>saneti</span> <span class='ocrx_word' id='word_1_206' title='bbox 889 1703 1076 1735; x_wconf 80' lang='lat' dir='ltr'>salvatoris.</span> 
     </span>
     <span class='ocr_line' id='line_1_31' title="bbox 745 1761 987 1800; baseline -0.008 -8"><span class='ocrx_word' id='word_1_207' title='bbox 745 1762 781 1792; x_wconf 81' lang='grc'>111</span> <span class='ocrx_word' id='word_1_208' title='bbox 800 1761 818 1790; x_wconf 82' lang='grc'>2</span> <span class='ocrx_word' id='word_1_209' title='bbox 838 1761 987 1800; x_wconf 90' lang='lat' dir='ltr'>Vesperis.</span> 
     </span>
    </p>
   </div>
   <div class='ocr_carea' id='block_1_8' title="bbox 201 1821 1370 1862">
    <p class='ocr_par' dir='ltr' id='par_1_10' title="bbox 201 1821 1370 1862">
     <span class='ocr_line' id='line_1_32' title="bbox 201 1821 1370 1862; baseline -0.003 -5"><span class='ocrx_word' id='word_1_210' title='bbox 201 1826 234 1858; x_wconf 87' lang='lat'>1.</span> <span class='ocrx_word' id='word_1_211' title='bbox 263 1823 411 1856; x_wconf 77' lang='lat' dir='ltr'>Salvator</span> <span class='ocrx_word' id='word_1_212' title='bbox 438 1822 559 1860; x_wconf 89' lang='lat' dir='ltr'>mundi,</span> <span class='ocrx_word' id='word_1_213' title='bbox 585 1822 732 1862; x_wconf 86' lang='lat' dir='ltr'>Domine,</span> <span class='ocrx_word' id='word_1_214' title='bbox 888 1824 920 1856; x_wconf 82' lang='lat'>3.</span> <span class='ocrx_word' id='word_1_215' title='bbox 948 1821 1097 1862; x_wconf 84' lang='lat' dir='ltr'>Colaphis</span> <span class='ocrx_word' id='word_1_216' title='bbox 1123 1825 1154 1853; x_wconf 83' lang='lat' dir='ltr'>et</span> <span class='ocrx_word' id='word_1_217' title='bbox 1180 1822 1370 1862; x_wconf 83' lang='lat' dir='ltr'>opprobriis,</span> 
     </span>
    </p>
   </div>
   <div class='ocr_carea' id='block_1_9' title="bbox 197 1869 1493 2210">
    <p class='ocr_par' dir='ltr' id='par_1_11' title="bbox 255 1869 1388 1912">
     <span class='ocr_line' id='line_1_33' title="bbox 255 1869 1388 1912; baseline -0.002 -9"><span class='ocrx_word' id='word_1_218' title='bbox 255 1871 363 1904; x_wconf 78' lang='lat' dir='ltr'>Patris</span> <span class='ocrx_word' id='word_1_219' title='bbox 386 1873 463 1902; x_wconf 77' lang='lat' dir='ltr'>nate</span> <span class='ocrx_word' id='word_1_220' title='bbox 489 1870 529 1902; x_wconf 86' lang='lat' dir='ltr'>de</span> <span class='ocrx_word' id='word_1_221' title='bbox 552 1870 681 1912; x_wconf 86' lang='lat' dir='ltr'>lumine,</span> <span class='ocrx_word' id='word_1_222' title='bbox 946 1869 1074 1911; x_wconf 86' lang='lat' dir='ltr'>Flagris</span> <span class='ocrx_word' id='word_1_223' title='bbox 1100 1873 1130 1901; x_wconf 84' lang='lat' dir='ltr'>et</span> <span class='ocrx_word' id='word_1_224' title='bbox 1154 1871 1266 1910; x_wconf 91' lang='lat' dir='ltr'>poenis</span> <span class='ocrx_word' id='word_1_225' title='bbox 1291 1870 1388 1902; x_wconf 86' lang='lat' dir='ltr'>variis</span> 
     </span>
    </p>

    <p class='ocr_par' dir='ltr' id='par_1_12' title="bbox 255 1918 1443 1959">
     <span class='ocr_line' id='line_1_34' title="bbox 255 1918 1443 1959; baseline -0.003 -7"><span class='ocrx_word' id='word_1_226' title='bbox 255 1920 392 1953; x_wconf 84' lang='lat' dir='ltr'>Intende</span> <span class='ocrx_word' id='word_1_227' title='bbox 416 1927 529 1959; x_wconf 84' lang='lat' dir='ltr'>preces</span> <span class='ocrx_word' id='word_1_228' title='bbox 555 1918 735 1958; x_wconf 85' lang='lat' dir='ltr'>supplicum</span> <span class='ocrx_word' id='word_1_229' title='bbox 947 1918 985 1950; x_wconf 90' lang='lat' dir='ltr'>In</span> <span class='ocrx_word' id='word_1_230' title='bbox 1010 1918 1097 1958; x_wconf 85' lang='lat' dir='ltr'>ligno</span> <span class='ocrx_word' id='word_1_231' title='bbox 1122 1921 1198 1949; x_wconf 71' lang='lat' dir='ltr'>tunc</span> <span class='ocrx_word' id='word_1_232' title='bbox 1221 1927 1281 1958; x_wconf 92' lang='lat' dir='ltr'>pro</span> <span class='ocrx_word' id='word_1_233' title='bbox 1306 1918 1443 1955; x_wconf 82' lang='lat' dir='ltr'>miseris,</span> 
     </span>
    </p>

    <p class='ocr_par' dir='ltr' id='par_1_13' title="bbox 197 1964 1493 2067">
     <span class='ocr_line' id='line_1_35' title="bbox 255 1964 1490 2009; baseline -0.001 -9"><span class='ocrx_word' id='word_1_234' title='bbox 255 1968 300 2000; x_wconf 81' lang='lat' dir='ltr'>Et</span> <span class='ocrx_word' id='word_1_235' title='bbox 325 1968 415 2000; x_wconf 88' lang='lat' dir='ltr'>solve</span> <span class='ocrx_word' id='word_1_236' title='bbox 437 1975 538 1999; x_wconf 85' lang='lat' dir='ltr'>nexus</span> <span class='ocrx_word' id='word_1_237' title='bbox 565 1966 740 1999; x_wconf 85' lang='lat' dir='ltr'>eriminum.</span> <span class='ocrx_word' id='word_1_238' title='bbox 946 1964 993 1998; x_wconf 74' lang='lat' dir='ltr'>Ut</span> <span class='ocrx_word' id='word_1_239' title='bbox 1017 1966 1177 2006; x_wconf 84' lang='lat' dir='ltr'>quondam</span> <span class='ocrx_word' id='word_1_240' title='bbox 1202 1974 1308 2009; x_wconf 82' lang='lat' dir='ltr'>carne,</span> <span class='ocrx_word' id='word_1_241' title='bbox 1333 1967 1490 2000; x_wconf 77' lang='lat' dir='ltr'>tunderis,</span> 
     </span>
     <span class='ocr_line' id='line_1_36' title="bbox 197 2023 1493 2067; baseline -0.002 -9"><span class='ocrx_word' id='word_1_242' title='bbox 197 2027 229 2058; x_wconf 83' lang='lat'>2.</span> <span class='ocrx_word' id='word_1_243' title='bbox 254 2025 314 2064; x_wconf 75' lang='lat' dir='ltr'>Qui</span> <span class='ocrx_word' id='word_1_244' title='bbox 338 2025 478 2066; x_wconf 87' lang='lat' dir='ltr'>primum</span> <span class='ocrx_word' id='word_1_245' title='bbox 502 2026 637 2065; x_wconf 79' lang='lat' dir='ltr'>propter</span> <span class='ocrx_word' id='word_1_246' title='bbox 662 2023 819 2055; x_wconf 90' lang='lat' dir='ltr'>hominem</span> <span class='ocrx_word' id='word_1_247' title='bbox 888 2025 920 2056; x_wconf 91' lang='lat'>4.</span> <span class='ocrx_word' id='word_1_248' title='bbox 946 2023 1049 2067; x_wconf 84' lang='lat' dir='ltr'>Nune,</span> <span class='ocrx_word' id='word_1_249' title='bbox 1078 2023 1215 2063; x_wconf 80' lang='lat' dir='ltr'>Christe,</span> <span class='ocrx_word' id='word_1_250' title='bbox 1240 2023 1323 2055; x_wconf 77' lang='lat' dir='ltr'>votis</span> <span class='ocrx_word' id='word_1_251' title='bbox 1348 2024 1493 2056; x_wconf 89' lang='lat' dir='ltr'>omnibus</span> 
     </span>
    </p>

    <p class='ocr_par' dir='ltr' id='par_1_14' title="bbox 257 2069 1355 2113">
     <span class='ocr_line' id='line_1_37' title="bbox 257 2069 1355 2113; baseline -0.002 -8"><span class='ocrx_word' id='word_1_252' title='bbox 257 2073 369 2106; x_wconf 86' lang='lat' dir='ltr'>Carnis</span> <span class='ocrx_word' id='word_1_253' title='bbox 394 2071 508 2105; x_wconf 79' lang='lat' dir='ltr'>fudisti</span> <span class='ocrx_word' id='word_1_254' title='bbox 533 2072 731 2113; x_wconf 83' lang='lat' dir='ltr'>sanguinem,</span> <span class='ocrx_word' id='word_1_255' title='bbox 946 2071 1020 2103; x_wconf 91' lang='lat' dir='ltr'>Tibi</span> <span class='ocrx_word' id='word_1_256' title='bbox 1045 2074 1151 2112; x_wconf 85' lang='lat' dir='ltr'>grates</span> <span class='ocrx_word' id='word_1_257' title='bbox 1177 2069 1355 2111; x_wconf 86' lang='lat' dir='ltr'>referimus,</span> 
     </span>
    </p>

    <p class='ocr_par' dir='ltr' id='par_1_15' title="bbox 256 2119 1308 2162">
     <span class='ocr_line' id='line_1_38' title="bbox 256 2119 1308 2162; baseline -0.002 -9"><span class='ocrx_word' id='word_1_258' title='bbox 256 2121 305 2153; x_wconf 93' lang='lat' dir='ltr'>De</span> <span class='ocrx_word' id='word_1_259' title='bbox 328 2121 408 2162; x_wconf 72' lang='lat' dir='ltr'>ligni</span> <span class='ocrx_word' id='word_1_260' title='bbox 433 2129 559 2161; x_wconf 88' lang='lat' dir='ltr'>quoque</span> <span class='ocrx_word' id='word_1_261' title='bbox 583 2121 746 2152; x_wconf 86' lang='lat' dir='ltr'>schemate</span> <span class='ocrx_word' id='word_1_262' title='bbox 947 2119 997 2151; x_wconf 90' lang='lat' dir='ltr'>Tu</span> <span class='ocrx_word' id='word_1_263' title='bbox 1022 2120 1117 2152; x_wconf 75' lang='lat' dir='ltr'>solita</span> <span class='ocrx_word' id='word_1_264' title='bbox 1140 2119 1308 2151; x_wconf 81' lang='lat' dir='ltr'>clementia</span> 
     </span>
    </p>

    <p class='ocr_par' dir='ltr' id='par_1_16' title="bbox 257 2166 1321 2210">
     <span class='ocr_line' id='line_1_39' title="bbox 257 2166 1321 2210; baseline -0.001 -8"><span class='ocrx_word' id='word_1_265' title='bbox 257 2170 388 2203; x_wconf 80' lang='lat' dir='ltr'>Sacrato</span> <span class='ocrx_word' id='word_1_266' title='bbox 413 2169 509 2201; x_wconf 91' lang='lat' dir='ltr'>rubes</span> <span class='ocrx_word' id='word_1_267' title='bbox 538 2171 673 2202; x_wconf 68' lang='lat' dir='ltr'>aemabe.</span> <span class='ocrx_word' id='word_1_268' title='bbox 948 2167 1068 2199; x_wconf 74' lang='lat' dir='ltr'>Nostra</span> <span class='ocrx_word' id='word_1_269' title='bbox 1094 2168 1165 2200; x_wconf 85' lang='lat' dir='ltr'>dele</span> <span class='ocrx_word' id='word_1_270' title='bbox 1189 2166 1321 2210; x_wconf 83' lang='lat' dir='ltr'>flagitia.</span> 
     </span>
    </p>
   </div>
   <div class='ocr_carea' id='block_1_10' title="bbox 601 2224 1145 2411">
    <p class='ocr_par' dir='ltr' id='par_1_17' title="bbox 601 2224 1145 2411">
     <span class='ocr_line' id='line_1_40' title="bbox 601 2224 1145 2268; baseline -0.006 -8"><span class='ocrx_word' id='word_1_271' title='bbox 601 2227 632 2260; x_wconf 86' lang='lat'>5.</span> <span class='ocrx_word' id='word_1_272' title='bbox 661 2225 718 2266; x_wconf 83' lang='lat' dir='ltr'>Sit,</span> <span class='ocrx_word' id='word_1_273' title='bbox 747 2224 883 2267; x_wconf 83' lang='lat' dir='ltr'>Christe,</span> <span class='ocrx_word' id='word_1_274' title='bbox 910 2233 967 2257; x_wconf 85' lang='lat' dir='ltr'>rex</span> <span class='ocrx_word' id='word_1_275' title='bbox 991 2225 1145 2268; x_wconf 78' lang='lat' dir='ltr'>piissime,</span> 
     </span>
     <span class='ocr_line' id='line_1_41' title="bbox 654 2273 1027 2314; baseline 0 -9"><span class='ocrx_word' id='word_1_276' title='bbox 654 2273 729 2306; x_wconf 88' lang='lat' dir='ltr'>Tibi</span> <span class='ocrx_word' id='word_1_277' title='bbox 753 2274 902 2314; x_wconf 76' lang='lat' dir='ltr'>patrique</span> <span class='ocrx_word' id='word_1_278' title='bbox 925 2273 1027 2314; x_wconf 84' lang='lat' dir='ltr'>gloria</span> 
     </span>
     <span class='ocr_line' id='line_1_42' title="bbox 655 2321 1102 2362; baseline -0.007 -7"><span class='ocrx_word' id='word_1_279' title='bbox 655 2322 729 2355; x_wconf 86' lang='lat' dir='ltr'>Una</span> <span class='ocrx_word' id='word_1_280' title='bbox 754 2331 825 2354; x_wconf 88' lang='lat' dir='ltr'>cum</span> <span class='ocrx_word' id='word_1_281' title='bbox 850 2324 959 2355; x_wconf 83' lang='lat' dir='ltr'>sancto</span> <span class='ocrx_word' id='word_1_282' title='bbox 985 2321 1102 2362; x_wconf 77' lang='lat' dir='ltr'>spiritu</span> 
     </span>
     <span class='ocr_line' id='line_1_43' title="bbox 657 2370 1078 2411; baseline 0 -8"><span class='ocrx_word' id='word_1_283' title='bbox 657 2372 696 2404; x_wconf 90' lang='lat' dir='ltr'>In</span> <span class='ocrx_word' id='word_1_284' title='bbox 721 2371 916 2411; x_wconf 80' lang='lat' dir='ltr'>sempiterna</span> <span class='ocrx_word' id='word_1_285' title='bbox 940 2370 1078 2403; x_wconf 85' lang='lat' dir='ltr'>saecula.</span> 
     </span>
    </p>
   </div>
   <div class='ocr_carea' id='block_1_11' title="bbox 198 2433 1518 2515">
    <p class='ocr_par' dir='ltr' id='par_1_18' title="bbox 198 2433 1518 2515">
     <span class='ocr_line' id='line_1_44' title="bbox 274 2433 1518 2472; baseline -0.002 -5"><span class='ocrx_word' id='word_1_286' title='bbox 274 2440 360 2467; x_wconf 85' lang='lat' dir='ltr'>Brev.</span> <span class='ocrx_word' id='word_1_287' title='bbox 381 2447 434 2466; x_wconf 92' lang='lat' dir='ltr'>ms.</span> <span class='ocrx_word' id='word_1_288' title='bbox 449 2437 477 2465; x_wconf 89' lang='lat' dir='ltr'>S.</span> <span class='ocrx_word' id='word_1_289' title='bbox 493 2437 603 2466; x_wconf 79' lang='lat' dir='ltr'>Gratae</span> <span class='ocrx_word' id='word_1_290' title='bbox 615 2437 672 2465; x_wconf 86' lang='lat' dir='ltr'>Per</span> <span class='ocrx_word' id='word_1_291' title='bbox 693 2445 786 2465; x_wconf 85' lang='lat' dir='ltr'>amen.</span> <span class='ocrx_word' id='word_1_292' title='bbox 808 2445 884 2465; x_wconf 86' lang='lat' dir='ltr'>saec.</span> <span class='ocrx_word' id='word_1_293' title='bbox 905 2433 980 2465; x_wconf 76' lang='lat' dir='ltr'>²5l16.</span> <span class='ocrx_word' id='word_1_294' title='bbox 1016 2435 1084 2464; x_wconf 86' lang='lat' dir='ltr'>Cod.</span> <span class='ocrx_word' id='word_1_295' title='bbox 1104 2436 1290 2464; x_wconf 84' lang='lat' dir='ltr'>Ambrosian.</span> <span class='ocrx_word' id='word_1_296' title='bbox 1304 2437 1329 2464; x_wconf 91' lang='grc' dir='ltr'><strong>Τ</strong></span> <span class='ocrx_word' id='word_1_297' title='bbox 1348 2433 1386 2464; x_wconf 83' lang='lat'>43</span> <span class='ocrx_word' id='word_1_298' title='bbox 1401 2445 1465 2472; x_wconf 84' lang='lat' dir='ltr'>sup.</span> <span class='ocrx_word' id='word_1_299' title='bbox 1480 2451 1518 2455; x_wconf 85' lang='lat'>—</span> 
     </span>
     <span class='ocr_line' id='line_1_45' title="bbox 198 2474 907 2515; baseline -0.003 -10"><span class='ocrx_word' id='word_1_300' title='bbox 198 2475 224 2513; x_wconf 82' lang='lat'>2,</span> <span class='ocrx_word' id='word_1_301' title='bbox 246 2475 265 2505; x_wconf 84' lang='lat'>4</span> <span class='ocrx_word' id='word_1_302' title='bbox 285 2479 398 2505; x_wconf 82' lang='lat' dir='ltr'>aemate</span> <span class='ocrx_word' id='word_1_303' title='bbox 417 2488 456 2498; x_wconf 90' lang='lat'>=</span> <span class='ocrx_word' id='word_1_304' title='bbox 476 2476 599 2515; x_wconf 72' lang='grc' dir='ltr'>αἵματε.</span> <span class='ocrx_word' id='word_1_305' title='bbox 619 2491 657 2496; x_wconf 95' lang='grc'>-</span> <span class='ocrx_word' id='word_1_306' title='bbox 678 2476 703 2511; x_wconf 81' lang='lat'>¹,</span> <span class='ocrx_word' id='word_1_307' title='bbox 724 2474 745 2504; x_wconf 92' lang='lat'>4</span> <span class='ocrx_word' id='word_1_308' title='bbox 764 2475 907 2504; x_wconf 76' lang='lat' dir='ltr'>tenderis.</span> 
     </span>
    </p>
   </div>
  </div>
 </body>
</html>
