1653 2637
664 121 706 126 ——
759 100 828 135 164
875 118 923 124 -

591 194 656 225 276.
687 193 729 224 De
748 193 856 224 saneto
878 190 994 230 Eligio.

138 268 171 302 1.
195 266 333 300 Domino
360 266 458 298 laude
482 265 595 297 sedula
826 264 856 295 5.
881 261 970 301 Pius,
996 261 1102 300 justus
1127 266 1161 292 et
1183 260 1309 292 sobrius

197 314 380 348 Praesentis
408 322 470 345 vox
497 312 622 353 collegii
882 309 997 341 Totum
1022 316 1057 340 se
1081 308 1150 340 Deo
1175 308 1319 348 contulit,

197 362 322 402 Fidem,
351 361 457 400 vitam,
484 360 639 391 miracula
885 356 943 389 Cui
969 355 1059 388 verbi
1083 355 1145 388 Dei
1168 355 1297 387 nuntius

200 408 308 442 Sancti
332 410 453 449 pangat
478 406 587 446 Eligii,
886 405 1087 436 Documenta
1111 403 1158 434 sic
1181 403 1308 435 intulit:

140 467 172 499 2.
197 466 305 497 Verbo
331 465 459 496 virtutis
485 464 637 502 sanguine
826 463 858 494 6.
884 459 981 500 Eligi,
1007 468 1120 499 preces
1145 462 1277 499 superat

196 512 376 546 Lemovicis
403 511 541 550 emicuit,
885 506 1071 539 Miserentis
1095 506 1234 547 largitio,

198 559 317 593 Latens
343 559 400 590 sub
425 557 509 590 fabri
534 557 662 589 nomine
884 557 916 587 A
940 555 1054 586 timore
1078 556 1110 586 te
1133 554 1250 586 liberat

200 607 281 640 Late
304 607 435 638 lucerna
460 605 584 637 claruit.
885 604 1012 635 Poenae
1038 601 1151 641 culpae
1175 600 1329 634 remissio.

143 666 175 698 3.
200 663 284 696 Dum
309 664 357 694 sic
381 661 472 694 fulsit
492 661 628 702 Eligius,
830 661 860 692 7.
885 658 964 691 Mox
989 659 1092 691 exitus
1117 658 1253 690 recoluit

200 711 297 751 Regis
321 709 385 742 sibi
407 708 552 741 Lotharii
886 707 938 739 Ex
964 705 1078 739 diffusa
1101 704 1288 746 fragrantia,

201 758 331 790 Plenam
357 756 448 789 favor
471 756 504 788 in
530 756 663 796 gratiam
887 755 977 794 Quod
1003 756 1111 785 votum
1135 753 1270 785 obtinuit

203 806 355 839 Provexit
380 803 524 838 aurificii.
886 802 932 834 Et
956 800 1094 833 fructum
1120 801 1327 840 poenitentia.

147 864 179 897 4.
205 863 296 895 Artis
319 862 352 894 in
375 860 526 893 exercitio
831 861 861 893 8.
888 859 955 890 Nos
982 866 1055 898 ergo
1081 858 1129 889 sic
1152 855 1300 889 aedificet

202 910 346 943 flabrum
373 908 588 947 contemplans
614 908 760 948 omnium,
888 906 1078 944 Exemplum
1102 904 1329 945 poenitentiae,

206 956 361 995 Quaestus
384 955 509 988 fabrilis
534 954 637 995 pretio
889 953 935 986 Ut
959 961 1048 993 spem
1072 955 1214 984 nostram
1242 951 1397 984 certificet

205 1003 333 1036 Famem
360 1003 450 1043 pavit
475 1002 642 1042 egentium.
892 1000 1029 1032 Fructus
1055 1003 1205 1032 aeternae
1229 999 1362 1040 gloriae.

547 1058 578 1090 9.
605 1057 673 1089 Deo
698 1058 784 1098 patri
810 1057 853 1088 sit
876 1056 988 1096 gloria.

222 1126 312 1153 Liber
325 1124 447 1152 confi-at.
460 1122 681 1150 Aurifabrorum
694 1122 886 1151 Ratisbonen.
907 1129 983 1149 saec.
1001 1119 1044 1149 15.
1072 1117 1128 1149 Hs.
1143 1121 1193 1150 des
1207 1122 1321 1150 Histor.
1335 1123 1460 1150 Vereins

145 1166 193 1192 f'ur
220 1162 376 1198 Oberpfalz
400 1161 462 1189 und
489 1160 689 1197 Regensburg.
717 1175 750 1180 ——
781 1159 909 1196 „Scripsi
934 1159 1086 1187 Johannes
1110 1160 1142 1187 in
1160 1159 1269 1187 Waeia
1295 1157 1395 1189 1423.“
1422 1176 1461 1180 ——

150 1203 251 1239 „Anno
278 1201 398 1229 Domini
423 1199 579 1227 millesimo
606 1198 892 1234 quadringentesimo
918 1199 1057 1226 vicesimo
1085 1199 1186 1233 quinto
1208 1198 1355 1226 Henricus
1377 1199 1460 1227 Gies-

148 1248 252 1277 pei-ger
277 1238 459 1274 comparavit
476 1236 556 1264 hunc
573 1237 681 1265 librum
706 1236 743 1264 ad
764 1236 906 1264 honorem
925 1236 1006 1264 beati
1029 1235 1123 1272 Eligii
1144 1236 1290 1272 episcopi,
1320 1239 1461 1272 seriptum

149 1280 181 1306 in
190 1278 296 1305 Wacia
307 1284 358 1311 per
368 1275 388 1302 J
390 1276 533 1303 ohannem
549 1274 642 1302 felicis
653 1276 820 1307 memoriae,
832 1274 1062 1301 illuminatorem
1074 1274 1206 1310 episcopi
1216 1272 1413 1303 Waciensis.“
1424 1289 1462 1294 -

149 1315 176 1348 4,
196 1314 216 1342 4
235 1315 411 1351 degentium.
433 1327 469 1331 —
490 1311 515 1346 5,
536 1310 556 1340 4
575 1313 759 1340 Documenti.
781 1326 817 1331 —-
839 1311 866 1348 7,
886 1310 903 1340 3
922 1311 997 1339 fehlt
1016 1313 1082 1339 eine
1099 1311 1196 1346 si1b03
1218 1312 1273 1339 lies
1295 1314 1373 1347 Quia
1393 1313 1462 1341 oder

153 1354 277 1389 erganze
293 1352 374 1386 jam?

582 1432 645 1463 277.
671 1432 715 1464 De
735 1433 846 1464 sancta
865 1431 1039 1464 Elisabeth.

157 1504 186 1538 1.
215 1505 344 1545 Insigne
368 1503 457 1535 sidus
484 1503 599 1535 claruit
837 1504 867 1535 5.
895 1502 947 1534 Ad
972 1502 1112 1534 tumbam
1139 1503 1322 1536 testimonia

211 1550 391 1593 Elisabeth,
417 1558 497 1590 quae
521 1549 645 1589 respuit
893 1549 1078 1582 Sanctitatis
1101 1550 1224 1582 indicia

211 1598 328 1631 Mundi
354 1607 487 1638 pompas
510 1606 568 1637 pro
593 1594 729 1629 Domino
895 1596 1015 1629 Crebro
1038 1605 1097 1637 per
1122 1599 1234 1630 mundi
1259 1599 1389 1631 climata

213 1646 309 1678 Sacro
335 1645 417 1677 fulta
442 1644 615 1685 evangelio.
896 1644 1039 1676 Christus
1064 1646 1222 1678 revelavit
1243 1646 1394 1686 plurima.

155 1705 186 1736 2,
212 1702 317 1735 Vitam
343 1702 439 1743 elegit
462 1709 645 1741 pauperem,
838 1702 868 1735 6.
897 1701 1006 1733 Visum
1032 1702 1120 1734 caeci
1145 1703 1313 1744 recipiunt,

213 1751 312 1782 Immo
338 1758 372 1781 se
398 1749 536 1781 reddens
560 1748 712 1780 humilem
896 1748 1010 1781 Claudi
1035 1749 1116 1782 salvi
1144 1750 1305 1793 exsiliunt,

213 1797 379 1837 Expendit
401 1797 491 1837 large
514 1795 649 1835 praedia
895 1796 1035 1836 Spiritus
1060 1798 1174 1830 mersis
1199 1800 1333 1830 mortuis

212 1845 301 1876 Dans
327 1845 433 1886 egenis
458 1844 648 1876 necessaria.
896 1844 1077 1877 Revocatur
1103 1846 1170 1886 ejus
1195 1846 1329 1880 meritis,

155 1904 186 1936 3.
212 1900 420 1934 Attrectabat
443 1900 603 1940 obsequiis
840 1902 868 1933 7.
897 1900 1078 1942 Precamur,
1105 1903 1189 1942 regis
1215 1901 1292 1943 filia,

212 1949 371 1988 Leprosos
398 1956 520 1988 quoque
547 1947 677 1990 debiles,
897 1948 941 1981 Ut
965 1958 1025 1988 per
1049 1952 1104 1981 tua
1128 1949 1280 1990 suffragia

213 1996 350 2035 Pupillis
375 1999 469 2036 atque
493 1996 644 2035 orphanis
896 1996 1015 2028 Tecum
1041 2000 1113 2038 post
1137 1997 1323 2029 transitoria

213 2044 294 2075 Toto
320 2042 435 2075 affectu
460 2043 654 2075 deserviens
898 2043 1018 2076 Christi
1042 2043 1186 2076 fruamur
1210 2047 1405 2083 praesentia.

155 2102 187 2134 4.
213 2099 286 2132 Non
313 2100 457 2132 cessabat
480 2100 596 2131 intuitu
840 2102 870 2134 8.
897 2100 966 2132 Deo
991 2100 1078 2140 patri
1100 2101 1143 2132 sit
1167 2101 1270 2140 gloria

217 2147 434 2187 Contemplari
457 2147 607 2186 pervigili
897 2147 1040 2188 EJ'usque
1064 2148 1124 2180 soli
1149 2146 1216 2178 filio

217 2195 373 2235 Sponsum
398 2195 450 2226 hic
474 2195 507 2226 in
531 2194 669 2234 miseria,
900 2195 978 2228 Cum
1006 2194 1122 2234 spiritu
1146 2194 1304 2233 paraclito

213 2244 313 2282 Quem
336 2242 438 2282 patris
463 2242 567 2273 cernit
586 2242 622 2274 in
646 2242 757 2281 gloria.
897 2243 942 2274 Et
965 2251 1051 2274 nunc
1075 2244 1108 2272 et
1130 2242 1165 2273 in
1187 2245 1388 2281 perpetuum.

230 2307 323 2336 Psalt.
343 2315 396 2334 ms.
413 2307 443 2334 S.
458 2306 576 2343 Aegidii
592 2308 789 2337 Brunswicen.
810 2317 886 2336 saec.
902 2306 946 2335 15.
979 2306 1050 2334 God.
1064 2305 1154 2334 Gotin
1174 2314 1220 2333 en.
1233 2307 1337 2336 Theoi.
1351 2307 1417 2338 219.
1432 2327 1468 2332 —-

156 2345 187 2381 2,
214 2344 231 2372 2
250 2346 287 2373 In
306 2346 380 2373 miro
401 2354 433 2373 se
453 2345 585 2372 reddens.
606 2361 642 2366 ——
662 2344 694 2382 2,
715 2345 735 2374 4
754 2347 853 2383 egenis
874 2345 1027 2373 necessita.
1049 2358 1087 2363 —-
1107 2342 1133 2377 5,
1190 2343 1314 2379 judicia.
1337 2361 1372 2366 —
1394 2348 1469 2378 Jede

159 2386 249 2413 rierte
268 2383 348 2412 Zeile
366 2384 420 2412 hat
437 2381 502 2420 (mit
520 2383 688 2413 Ausnahme
708 2393 768 2413 von
787 2383 814 2419 8,
835 2383 864 2420 4)
883 2384 949 2411 eine
968 2381 1052 2410 Silbe
1071 2381 1161 2409 mehr.
