1653 2637
742 145 1000 183 —247—

502 244 533 276 2.
558 243 618 283 Qui
642 246 735 277 natus
759 246 945 286 praeclarae
970 246 1047 278 civis
1072 248 1218 292 Paterae,

559 291 671 325 Ubera
692 293 758 333 jam
780 302 894 334 sugens
921 295 1060 326 cernitur
1085 299 1196 328 tenens

560 339 616 371 Bis
638 348 698 379 per
720 342 929 381 septimanam
955 342 1190 378 abstinentiam.

502 398 533 429 3.
560 396 767 438 Tandemque
791 398 919 430 adultus
943 400 1082 439 primum
1107 400 1237 432 orbatus

560 443 714 476 Normam
735 446 879 485 justitiae
903 447 1045 486 sequitur
1066 456 1195 488 aequae,

561 492 705 524 Incestus
730 493 889 533 virginum
913 496 1023 526 vetans
1047 503 1107 533 per
1131 504 1252 527 aurum.

503 550 534 580 4.
564 547 658 580 clero
684 549 828 581 devotius
856 550 973 582 dehinc
998 555 1160 590 promotus

560 595 694 627 Audivit
720 594 896 640 [juvenum]
923 598 1020 629 letum
1046 603 1080 630 ut
1105 600 1212 638 trium,

560 643 684 675 Reddit
709 645 856 676 continuo
880 646 913 677 in
938 645 1069 685 palatio.

503 701 534 732 5.
560 700 639 731 Post.
660 699 801 740 haecque
827 701 941 733 emicat
964 710 1132 743 regemque
1156 704 1249 735 sedat

559 747 730 786 Apparens
755 748 788 779 in
814 749 931 780 somnis
955 758 975 779 a
998 757 1077 781 nece
1101 751 1211 782 mortis

560 794 669 825 Trium
695 795 830 826 aliorum
855 795 1081 830 innocentium,

503 852 535 884 6.
561 851 634 884 Jam
659 850 720 883 Dei
748 852 849 882 electe
873 854 909 883 tu
933 852 1076 893 Nicolae,

563 897 675 930 Nostri
700 902 735 930 tu
759 907 844 930 nunc
868 900 950 932 votis
976 909 1080 932 annue
1101 902 1177 933 totis

558 945 691 985 Semper
715 949 789 978 ante
815 943 942 990 [Deum]
968 948 1002 978 in
1027 952 1229 988 perpetuum.

500 1004 530 1037 7.
557 1003 667 1035 Virtus
693 1004 872 1045 potestatiS‚
901 1004 1001 1036 honor
1025 1006 1185 1047 perennis,

561 1051 647 1083 Laus
668 1050 702 1082 in
727 1051 849 1082 unitate
875 1060 913 1083 ac
936 1051 1080 1083 trinitate

561 1097 608 1129 Sit
633 1097 690 1129 uni
712 1098 850 1130 Domino
877 1099 930 1130 hic-
954 1102 987 1130 et
1010 1099 1041 1129 in
1069 1108 1157 1132 aevo.

297 1181 390 1209 Psalt.
428 1189 481 1208 ms.
521 1181 729 1209 Rhenoviense
768 1190 843 1209 saec.
879 1180 922 1210 14.
977 1182 1046 1209 Cod.
1080 1184 1216 1211 Turicen.
1248 1184 1340 1212 Rhen.
1381 1182 1426 1211 27.
1464 1186 1529 1213 add.

208 1227 289 1246 saec.
313 1218 356 1247 16.
378 1233 415 1238 —
437 1217 462 1252 1,
486 1217 501 1247 1
522 1220 641 1247 foontis.
662 1234 700 1239 ——
720 1217 746 1254 3,
770 1217 784 1246 1
806 1220 876 1247 Lies
897 1223 980 1256 patre
1003 1221 1144 1249 orbatus?
1167 1236 1202 1240 —
1223 1219 1249 1255 3,
1271 1221 1288 1249 2
1309 1231 1429 1259 aequus.

657 1359 724 1391 437.
755 1360 797 1391 De
817 1361 923 1391 sancto
945 1359 1079 1391 Nieolao.

209 1451 239 1482 1.
265 1450 318 1482 Ad
344 1453 401 1481 tua
422 1450 585 1490 solemnia,
899 1452 932 1482 4.
959 1449 1045 1488 Quae
1069 1450 1176 1490 lingua
1201 1448 1373 1489 sufficeret,

265 1496 475 1529 sacerdotum
506 1497 673 1538 gemmula,
958 1496 1003 1528 Ut
1025 1495 1171 1535 perfecte
1196 1497 1327 1538 diceret,

266 1545 383 1585 Surgat
405 1548 516 1577 nostra
542 1545 650 1576 concio
956 1544 1062 1583 Ipsius
1091 1544 1251 1585 magnalia

263 1592 342 1624 Piae
366 1592 482 1624 mentis
503 1593 607 1632 ,iubilo
958 1592 1083 1631 Quanta
1107 1594 1181 1623 sunt
1205 1595 1235 1622 et
1262 1593 1391 1633 qualia]r

266 1639 395 1672 Ducens
421 1640 463 1671 ad
488 1640 673 1672 memoriam
956 1639 1052 1671 Hunc
1075 1640 1240 1671 laudemus
1261 1641 1381 1681 Jugiter

265 1688 361 1720 Tanti
391 1687 494 1728 patris
519 1688 664 1729 gloriam.
957 1687 1114 1720 Canentes
1144 1687 1338 1722 solemniter.

205 1747 236 1777 2.
265 1745 363 1784 Cujus
394 1745 462 1777 vita
487 1745 605 1777 claruit
898 1746 930 1777 5.
956 1743 1090 1775 Nicolae
1115 1743 1242 1781 nobilis,

263 1794 315 1825 Ac
338 1793 413 1824 talis
439 1793 599 1834 apparuit,
957 1790 1125 1822 Gloriosae
1147 1791 1276 1831 indolis,

264 1840 312 1874 Ut
335 1839 422 1872 fama
447 1843 510 1872 tam
539 1839 674 1871 celebris
958 1838 1050 1869 Salus
1076 1838 1317 1880 aegrotantium,

264 1887 337 1920 Non
362 1890 465 1920 staret
487 1888 521 1919 in
547 1887 698 1925 tenebris,
958 1885 1053 1924 Quies
1079 1885 1301 1928 laborantium,

264 1935 328 1969 Sed
353 1936 463 1968 multis
487 1935 651 1967 miraculis
955 1933 1026 1965 Tua
1051 1933 1113 1965 duo
1136 1942 1194 1965 nos
1219 1934 1320 1973 gratia

264 1984 504 2017 Monstraretur
528 1983 674 2016 saeculis,
954 1982 1006 2013 Ad
1036 1981 1120 2013 vitae
1143 1981 1274 2021 pa1atia.

204 2045 236 2078 3.
262 2042 431 2084 Virginum
454 2041 616 2074 miseriam
899 2042 930 2074 6.
954 2039 1077 2078 Honor,
1105 2039 1211 2080 decuS‚
1239 2039 1351 2079 gloria,

260 2091 369 2124 Patris
396 2092 429 2122 et
451 2090 592 2122 inediam
955 2087 1065 2118 Virtus
1091 2095 1128 2118 ac
1152 2086 1289 2118 victoria

259 2138 409 2180 Dempsit
434 2137 613 2170 liberaliter
955 2134 1044 2167 Patri
1068 2135 1111 2166 sit
1135 2133 1287 2176 ingenito,

259 2187 305 2219 Et
329 2185 535 2219 familiariter
953 2182 1039 2215 Nato
1063 2181 1226 2223 unigenito

260 2234 363 2267 Morti
392 2237 458 2266 tres
487 2234 663 2266 destinatos
952 2230 996 2263 Et
1025 2234 1136 2263 sancto
1162 2229 1290 2270 spiritui

260 2282 429 2315 Liberavit
450 2291 578 2322 pueros.
954 2278 991 2310 In
1022 2278 1183 2310 saeculum
1209 2278 1337 2310 saeculi.

279 2368 364 2396 Brev.
389 2376 442 2395 ms.
470 2367 720 2403 Gengenbacense
748 2373 824 2393 saec.
847 2362 892 2393 13.
933 2363 1002 2392 Cod.
1033 2363 1244 2392 Carolsruhan.
1271 2364 1333 2392 Geo
1361 2360 1407 2389 22.
1429 2363 1462 2391 A.
1488 2377 1527 2382 -

200 2407 286 2434 Brev.
318 2414 373 2433 ms.
403 2405 629 2434 constantiense
660 2406 730 2432 anni
757 2401 840 2431 1301.
886 2402 956 2430 Cod.
985 2402 1203 2438 Engelbergen.
1234 2399 1298 2429 115.
1326 2402 1359 2429 B.
1384 2416 1420 2420 —
1448 2400 1482 2435 4,
1508 2398 1526 2428 3

199 2444 287 2473 nlius
308 2445 341 2472 B.
