1653 2637
672 150 720 154 -
771 130 813 165 17
863 150 908 154 -.

602 223 646 255 13.
670 223 706 255 ln
724 222 906 265 Epiphania
925 223 981 255 DN.

665 291 713 321 Ad
732 291 923 322 Nocturnum.

135 354 164 386 1.
188 351 273 383 Nato
297 350 423 382 Mariae
446 350 512 384 filio
845 353 875 385 6.
902 351 964 383 Per
990 352 1115 383 stellam
1139 351 1225 391 magi
1248 351 1422 391 ambulant,

190 399 339 439 Apparet
361 399 455 430 stella
479 399 609 439 populo,
902 399 987 431 Dum
1011 398 1199 431 Bethlehem
1227 402 1448 440 pervenerant,

192 449 279 486 Quae
305 446 384 478 dicit
410 446 567 479 Christum
593 446 762 478 Dominum
902 447 1064 479 Intrantes
1090 446 1216 478 domum
1239 447 1331 486 pueri

192 495 339 535 Regnare
362 494 396 525 in
420 497 620 534 perpetuum.
903 495 1051 527 Adorant
1075 502 1182 534 regem
1206 494 1336 526 saeculi.

134 553 165 585 2.
193 553 292 592 Quam
317 552 401 592 magi
429 552 503 584 dum
524 551 705 592 adspiciunt
848 552 878 583 7.
905 552 1046 592 Mystica
1071 553 1202 592 portant,
1224 560 1356 583 munera

194 599 375 639 Natumque
400 608 506 639 regem
532 600 669 640 sapiunt,
904 599 983 631 Mox
1010 599 1136 632 Christo
1159 598 1341 638 placabilia,

194 647 427 686 Jerosolymam
451 649 626 687 properant
906 647 1015 678 Thure
1040 647 1201 687 signantes
1225 646 1394 679 Dominum

191 695 236 727 Et
260 698 337 726 tunc
361 694 485 726 Herodi
509 694 665 728 nuntiant.
903 694 947 726 Et
972 695 1172 727 sacerdotem
1196 695 1376 726 maximum.

132 753 165 785 3.
190 752 351 784 Turbatus
376 753 445 783 erat
469 750 610 791 perfidus
845 752 876 784 8.
906 751 993 783 Dant
1016 760 1130 783 aurum
1153 752 1223 792 regi
1246 752 1376 790 saeculi,

195 799 341 833 Herodes
366 799 582 840 impiissimae,
905 798 1037 831 Mortali
1061 799 1224 838 myrrham
1247 800 1376 837 homini,

191 848 330 888 Timens‚
356 855 397 877 ne
421 855 552 887 regnum
578 846 737 890 perderet,
907 847 1054 879 Salutant
1078 855 1212 888 parvum
1236 846 1346 888 filium,

191 895 281 936 Quod
306 903 387 934 puer
410 897 503 926 natus
529 894 666 927 tolleret.
903 894 1007 926 Deum
1032 903 1071 927 ac
1092 903 1199 934 regem
1226 895 1374 928 omnium.

133 955 165 986 4.
195 950 369 985 Confestim
398 952 476 983 dicit
500 951 628 993 regibus
845 951 875 985 9.
902 951 1064 984 Admonet
1090 959 1142 983 eos
1167 951 1259 990 visio,

191 1000 243 1032 Ab
270 999 401 1031 orientis
426 999 590 1039 partibus:
903 999 948 1031 Ut
973 999 1107 1032 redeant
1133 1007 1202 1030 cum
1227 999 1352 1039 gaudio,

191 1049 252 1088 Ite,
279 1047 388 1079 videte
412 1055 546 1086 puerum
904 1047 969 1079 Per
993 1046 1078 1079 viam
1103 1055 1178 1078 vero
1205 1047 1300 1078 aliam

194 1095 238 1127 Et
262 1094 407 1127 nuntiate
431 1094 644 1134 postmodum.
905 1094 1040 1126 Reversi
1063 1096 1136 1126 sunt
1161 1094 1203 1125 ad
1229 1095 1376 1134 patriam.

135 1155 165 1185 5.
194 1153 241 1185 Ut
266 1159 332 1190 ego,
361 1152 486 1190 quando
516 1160 630 1184 venero
824 1152 876 1185 10.
906 1150 1016 1183 Gloria
1042 1151 1111 1192 tibi,
1138 1151 1283 1193 Domine,

192 1199 385 1238 Dictumque
414 1207 520 1239 regem
545 1198 666 1239 videro,
904 1198 963 1237 Qui
987 1198 1164 1238 apparuisti
1190 1199 1295 1240 hodie,

196 1247 339 1279 Adorem
364 1248 440 1277 tunc
464 1245 666 1286 infantulum,
904 1245 981 1278 Cum
1004 1249 1096 1286 patre
1122 1248 1153 1277 et
1177 1249 1286 1279 sancto
1311 1246 1426 1287 spiritu

195 1296 294 1334 Quem
320 1294 399 1325 dicit
421 1295 517 1326 stella
541 1294 690 1334 genitum.
903 1294 942 1325 In
967 1295 1160 1334 sempiterna
1184 1295 1320 1327 saecula.

213 1381 295 1408 Brev.
316 1387 368 1406 ms.
390 1379 577 1407 Franciscan.
598 1387 672 1406 save.
687 1378 730 1407 13.
766 1378 834 1407 God.
857 1377 961 1406 Senen.
983 1379 1007 1406 F*
1029 1379 1108 1407 VIII.
1134 1376 1157 1405 1.
1177 1378 1212 1406 A.
1227 1394 1264 1398 —
1285 1380 1376 1407 Psalt.
1401 1387 1451 1405 nis.

134 1419 303 1446 Mutinense
324 1425 399 1445 saec.
423 1416 466 1445 14.
508 1417 578 1445 Cod-
600 1417 695 1453 Capit.
715 1418 858 1445 Mutinen.
884 1416 917 1444 Ο.
939 1418 970 1445 Π
986 1418 1021 1446 N.
1044 1417 1070 1446 5.
1091 1417 1124 1445 B.

543 1522 586 1555 14.
619 1523 652 1555 In
676 1521 966 1564 'transfiguratione
986 1522 1043 1553 DN.

137 1609 167 1641 1.
194 1607 335 1640 Verbum
361 1605 462 1644 patris
488 1604 634 1636 altissimi
826 1605 856 1636 5.
883 1602 934 1635 Da
957 1602 1059 1645 nobis,
1085 1601 1161 1633 licet
1180 1602 1332 1641 parvulis,

196 1654 296 1695 Gigas
322 1656 354 1684 et
377 1653 596 1693 invictissime,
883 1650 1070 1690 Redemptis
1094 1651 1200 1681 tamen
1225 1649 1370 1689 servulis,

196 1702 269 1734 Non
294 1701 386 1732 unius
412 1700 620 1737 substantiae,
883 1697 955 1730 Non
981 1698 1190 1738 qualicunque
1213 1697 1328 1737 pretio,

195 1752 302 1784 Unum
326 1758 396 1780 cum
420 1751 513 1788 patre
538 1747 668 1789 gloriae,
883 1746 947 1779 Sed
972 1744 1133 1786 sanguinis
1159 1744 1355 1784 commercio,

136 1810 167 1841 2.
194 1806 423 1848 Apostolorum
446 1805 586 1845 principi
825 1804 854 1835 6.
882 1803 1013 1841 Quando
1038 1811 1098 1843 per
1121 1802 1225 1842 ignem
1251 1802 1375 1833 veneris

197 1858 276 1888 Cum
298 1852 375 1886 tiliis
399 1853 533 1885 tonitrui
890 1851 937 1883 Ad
960 1849 1168 1890 judicandum
1193 1850 1364 1889 saeculum,

197 1904 234 1936 In
261 1902 430 1941 majestate
456 1899 579 1942 fulgida
884 1898 933 1930 Ne
956 1907 1013 1930 nos
1040 1906 1110 1930 cum
1136 1897 1246 1930 hoedis
1271 1900 1402 1933 statuas,

196 1950 295 1983 Visus
321 1949 379 1981 sub
404 1950 488 1982 nube
513 1948 630 1981 lucida.
886 1946 950 1979 Sed
975 1947 1064 1986 agnis
1087 1946 1179 1986 Jungi
1203 1944 1313 1977 facias.

135 2012 166 2044 3.
192 2010 290 2050 Quem
317 2016 428 2040 currus
450 2006 525 2038 tulit
547 2005 669 2048 igneus,
825 2005 856 2038 7.
882 2004 928 2037 Ut
953 2012 1023 2035 cum
1048 2003 1192 2044 supernis
1220 2003 1340 2035 civibus

193 2058 238 2091 Et
262 2054 376 2097 legifer
401 2055 544 2094 eximius,
882 2052 959 2084 Tuis
986 2055 1133 2084 vacantes
1159 2051 1306 2083 laudibus

193 2106 280 2139 Dum
306 2102 506 2136 conferentes
532 2104 711 2143 numerant,
881 2100 1059 2133 Devotione
1082 2099 1195 2132 sedula

193 2153 283 2195 Quod
310 2152 543 2193 complecturus
568 2148 683 2189 fuerat,
884 2148 1039 2181 Canamus
1064 2149 1098 2180 in
1122 2149 1328 2187 perpetuum:

134 2215 166 2248 4.
196 2213 289 2245 Vocis
315 2210 393 2243 tuba
417 2208 571 2242 terribilis
823 2208 855 2240 8.
883 2206 932 2239 Sit
955 2207 1024 2239 Deo
1049 2206 1118 2238 laus
1143 2205 1283 2245 ingenito

192 2261 242 2294 Dc
267 2259 352 2292 nube
376 2261 490 2291 tonans
517 2256 640 2289 sonuit:
882 2255 1045 2295 Simulque
1069 2252 1231 2293 unigenito

192 2310 255 2342 Hic-
281 2310 328 2339 est
354 2306 489 2339 dilectus
510 2304 606 2345 filius,
883 2302 960 2335 Cum
986 2302 1102 2341 spiritu
1126 2301 1282 2340 paraclito

192 2358 231 2391 ln
255 2365 316 2397 quo
341 2355 421 2387 mihi
447 2352 648 2394 complacuit.
880 2350 943 2383 Per
966 2349 1093 2382 infinita
1117 2349 1253 2380 saecula.

213 2434 282 2463 Cod.
303 2431 488 2459 Ambrosian.
509 2430 537 2457 Π
558 2426 596 2455 46
616 2428 667 2455 inf.
690 2427 755 2456 add.
776 2434 853 2456 saec.
875 2423 949 2454 1⁰l11.
969 2424 1045 2459 (cum
1066 2422 1199 2459 neumis).

191 2469 534 2511 mesfffimffineffiffi.
563 2479 595 2502 11.
1258 2468 1276 2496 2
