1653 2637
756 137 986 172 -92-

682 237 739 269 141.
772 239 816 270 De
836 247 899 270 una
919 238 1061 279 Virgine.

227 317 257 350 1.
282 316 440 356 Hymnum
467 315 580 348 beatae
604 318 719 357 virgini
904 319 936 351 3.
963 317 1052 356 Quod
1078 324 1162 348 nunc
1184 316 1218 346 in
1243 315 1327 347 alma
1352 314 1474 355 virgine

284 363 354 407 Dic,
381 363 484 405 turba,
510 373 588 396 voce
606 365 753 405 supplici,
962 365 1074 397 Palam
1099 364 1240 395 valemus
1266 371 1406 403 cernere,

282 410 395 443 Lauda
419 410 520 442 Deum
544 420 603 452 per
627 412 731 443 omnia
960 411 1077 443 Sexum
1103 411 1234 442 domans
1259 419 1340 450 quae
1364 410 1492 442 labilem

281 457 361 497 Ejus
388 467 502 490 canens
527 458 688 490 miracula.
959 459 1065 491 Vitam
1091 458 1224 500 gerebat
1249 458 1413 490 caelibem.

223 535 255 566 2.
281 533 411 565 Infirma
435 533 544 565 mundi
569 534 657 573 eligit
899 535 931 567 4.
956 535 1113 574 Pomposa
1136 533 1247 565 mundi
1272 534 1389 573 gaudia

280 580 325 612 Et
348 589 462 621 magna
486 588 637 619 spernens
661 581 800 623 projicit,
957 581 1154 621 Contempsit
1177 583 1214 612 ut
1236 581 1387 621 ludibria,

279 626 424 659 Infirmat
446 627 530 658 idem
555 626 661 666 fortia,
955 628 1019 661 Soli
1045 628 1114 661 Deo
1139 636 1174 659 se
1197 628 1343 660 subdidit

281 673 447 706 Confortat
470 677 573 705 autem
600 674 686 707 vilia.
952 676 1068 716 Illique
1091 678 1191 708 totam
1215 676 1361 710 tradidit.

645 751 677 783 5.
701 751 771 783 Deo
796 752 881 790 patri
906 752 948 783 sit
973 753 1083 792 gloria.

250 871 279 898 b.
292 833 401 898 Hymiu.
421 842 475 860 ms.
496 833 697 870 Sangallensis
718 836 787 862 311111
809 834 890 864 1446.
925 836 993 864 Cod.
1008 835 1175 873 Sangallen.
1193 834 1237 864 16.
1257 851 1296 855 —
1314 836 1390 864 Mel:
1411 837 1522 864 Votiva

218 879 250 897 or
270 881 280 898 1
299 879 358 907 gau
378 880 416 899 13.

686 1020 749 1051 142.
779 1022 823 1052 De
842 1031 904 1053 una
923 1023 1044 1054 Electa.

456 1098 485 1132 1.
512 1098 620 1132 ι11111110
647 1100 752 1132 cordis
778 1103 811 1132 et
832 1110 910 1133 voce
935 1111 1051 1135 canora

511 1146 648 1178 Matrem
673 1147 765 1186 plebs
790 1152 931 1181 sanctam
956 1150 1062 1182 fidelis
1087 1151 1219 1191 honora,

511 1193 616 1233 Ipsius
641 1203 733 1233 opem
754 1196 873 1235 jugiter
897 1197 1034 1237 implora

604 1241 676 1273 Hac
702 1242 755 1274 die
778 1252 879 1275 sacra.

454 1317 486 1349 2.
508 1316 576 1355 Qua
601 1316 685 1348 vitae
708 1317 801 1357 hujus
826 1317 915 1350 finito
939 1319 1062 1361 labore,

511 1363 671 1395 Virtutum
696 1365 819 1403 pollens
846 1366 933 1398 vario
961 1367 1083 1411 decore,

511 1410 610 1442 Petiit
635 1411 755 1442 coelum
780 1413 898 1444 celebri
922 1413 1042 1446 honore

606 1458 709 1490 Carne
732 1459 846 1492 soluta.

454 1534 485 1566 3.
511 1533 600 1564 Haec
624 1534 774 1565 mundum
801 1535 878 1566 vicit
903 1536 1055 1569 dimicans
1082 1546 1151 1569 cum
1176 1538 1303 1577 mundo,

508 1580 641 1612 Hostem
665 1583 841 1620 prostravit
866 1592 990 1615 carnem
1016 1585 1215 1625 macerando,

512 1628 653 1668 Pervigil
676 1631 747 1660 orat
772 1628 931 1662 Christum
956 1632 1134 1665 invocando

606 1675 717 1707 Mente
742 1676 866 1709 devota.

452 1752 485 1786 4.
510 1751 689 1790 Pauperum
713 1755 825 1793 mater,
852 1754 1065 1793 orphanorum
1089 1755 1207 1797 nutriX‚

510 1798 618 1830 Pascit
642 1807 755 1839 egenos
779 1801 972 1840 pupillorum
994 1804 1103 1844 tutrix,

510 1845 608 1879 Sanat
631 1849 776 1887 aegrotos
800 1851 991 1881 moestorum
1015 1851 1159 1891 solutriX‚

601 1893 734 1926 Famine
754 1898 854 1935 grata.

450 1970 483 2002 5.
509 1969 631 2011 Sobria,
658 1971 809 2010 prudens,
835 1973 899 2013 pia,
927 1974 1073 2017 clemens,
1100 1975 1197 2018 mitisl.

509 2017 613 2057 Casta,
638 2018 765 2058 pudica,
792 2019 893 2051 dulcis
918 2020 1099 2064 Sunamitis,

505 2064 647 2104 Impetra
670 2065 773 2107 nobis,
797 2075 949 2106 generosa
974 2068 1057 2110 vitis,

601 2112 713 2152 Regna
740 2112 843 2145 beata.

452 2186 484 2218 6.
509 2186 608 2228 Quod,
634 2187 688 2226 pie
712 2187 809 2230 Deus,
835 2191 1001 2227 praestare
1027 2191 1165 2231 digneris

508 2233 660 2265 Precibus
684 2234 777 2274 hujus
798 2238 927 2268 sanctae
947 2238 1099 2278 mulieris,

507 2280 566 2319 Qui
590 2281 691 2313 trinus
714 2291 794 2314 unus
819 2284 968 2316 universa
991 2286 1075 2325 regis

599 2329 661 2361 Per
686 2333 801 2362 cuncta
823 2332 938 2364 saecla.

284 2410 369 2439 Brev.
392 2419 445 2438 ms.
471 2410 667 2447 Glogaviense
686 2421 761 2440 saec.
782 2411 856 2442 ¹4l15.
896 2413 967 2443 eod.
991 2417 1212 2447 Wratislavien.
1232 2420 1248 2448 Ι
1269 2422 1294 2456 Q
1314 2420 1379 2451 251.
