1653 2637
706 87 942 122 *38*

572 180 618 213 56.
649 181 686 213 111
706 181 794 212 Festo
817 179 960 220 corporis
981 178 1101 211 Christi.

680 239 728 268 Ad
749 238 985 276 Completorium.

459 299 489 332 1.
516 299 554 331 In
579 299 643 330 suis
667 297 742 331 filiis
766 300 869 331 mater
894 297 1029 329 ecelesia

516 346 654 378 sinceris
679 346 845 388 mentibus,
875 344 959 376 dulei
983 344 1122 376 melodia

515 394 639 426 Devote
662 393 784 425 recolat
806 393 886 424 haec
910 391 963 432 pia
987 392 1114 432 gaudia,

518 440 564 474 Ut
590 440 685 480 digne
708 441 857 472 laudetur
883 439 991 471 divina
1015 439 1136 481 sophia.

460 500 489 530 2.
517 498 594 530 Cum
618 499 746 529 nostrae
770 495 857 529 facta
879 496 923 527 sit
945 496 1056 528 salutis
1081 496 1197 536 hostia,

518 544 673 584 Quamdiu
695 545 833 576 mundus
859 546 917 586 est,
933 546 1045 576 nostra
1066 541 1188 584 flagitia

517 591 590 624 Non
615 594 719 623 cessat
742 592 867 634 tollere,
894 592 1075 631 operatoria

514 639 576 671 Est
600 647 723 680 quoque
746 639 901 672 virtutum
927 641 959 671 et
982 639 1095 671 harum
1119 638 1231 680 gloria.

458 698 489 730 3.
514 695 644 728 Amoris
668 695 769 729 validi
794 697 924 736 cogente
949 694 1040 735 eopia

516 743 559 776 Se
582 743 675 775 nobis
698 743 837 783 reliquit,
863 751 900 775 se
925 743 980 775 dat
1003 742 1124 775 cibaria

515 790 634 823 Mentis
660 793 692 823 et
717 791 868 831 corporis,
895 791 945 821 sui
968 790 1162 830 memoriam,

519 838 674 871 coelestis
700 838 806 871 aditus
830 838 1104 871 introductoriam.

458 898 490 930 4.
516 897 613 928 Pater
639 899 670 928 et
693 894 777 927 filius
801 897 896 935 atque
922 895 1091 927 concordia

514 944 674 975 Aeternae
698 943 820 982 gloriae
845 943 941 974 donet
963 942 1116 984 convivia,

517 991 563 1023 Ut
586 991 655 1022 sine
678 990 813 1022 termino
838 990 968 1022 laudum
992 989 1163 1029 praeconia

519 1037 685 1071 solvamus
706 1038 825 1078 jugiter
848 1038 883 1069 in
907 1046 984 1069 vera
1007 1037 1123 1077 patria.

260 1105 345 1132 BreV.
369 1113 422 1131 ms.
449 1103 700 1133 Heilsbronnense
726 1111 801 1130 saec.
829 1101 873 1130 15.
916 1102 985 1130 Cod.
1012 1101 1171 1138 Erlangen.
1199 1098 1262 1128 704.
1288 1100 1322 1127 A.
1349 1115 1388 1120 —
1406 1100 1492 1129 Brev.

184 1151 239 1170 ms.
259 1141 511 1170 Heilsbronnenee
535 1149 612 1168 saee.
637 1139 681 1168 15.
722 1140 791 1169 Cod.
818 1140 978 1177 Erlangen.
1003 1138 1069 1168 796.
1090 1140 1124 1167 B.
1146 1154 1186 1159 -—
1212 1139 1296 1167 Brev.
1321 1146 1375 1166 ms.
1394 1139 1490 1174 Lang-

183 1181 331 1209 heimense
358 1188 432 1208 saec.
461 1177 504 1207 14.
545 1178 614 1206 Ood.
634 1178 826 1215 Bambergen.
846 1178 894 1206 Ed
921 1178 980 1206 VH
1003 1178 1028 1205 7.
1050 1177 1115 1205 add.
1136 1185 1211 1205 saec.
1235 1175 1278 1204 15.
1300 1176 1330 1203 C.
1350 1191 1388 1196 —
1406 1177 1491 1205 BreV.

185 1227 237 1246 ms.
250 1218 485 1254 Langheimense
504 1225 579 1245 saec.
602 1214 646 1244 14.
682 1215 750 1244 Cod.
765 1217 958 1252 Bambergen.
970 1216 1019 1243 Ed
1036 1216 1080 1243 VI
1100 1213 1145 1243 io.
1166 1215 1231 1242 add.
1253 1223 1328 1242 saec.
1344 1212 1389 1242 15.
1402 1215 1441 1242 D.
1455 1229 1492 1233 —-

187 1258 270 1285 Brev.
284 1265 336 1284 ms.
344 1255 578 1292 Langheimense
588 1263 663 1282 saec.
677 1253 720 1282 14.
749 1253 817 1282 Cod.
826 1255 1015 1290 Bambergen.
1025 1253 1073 1280 Ed
1083 1254 1141 1281 VH
1151 1251 1195 1281 11.
1206 1253 1353 1281 add.saee.
1362 1251 1494 1280 15.E.—

186 1296 269 1323 Brev.
293 1303 346 1321 ms.
367 1293 535 1321 Ebraeense
559 1301 635 1320 saec.
662 1290 705 1319 12.
744 1291 811 1320 Cod.
838 1292 1030 1328 Herbipolen.
1058 1292 1118 1327 ΜΡ.
1139 1291 1180 1319 th.
1201 1291 1220 1318 i.
1242 1289 1307 1319 110.
1329 1290 1394 1318 add.
1415 1299 1492 1319 saec.

185 1331 260 1361 14.¹'12,.
281 1332 314 1360 F.
335 1348 372 1352 ——
396 1332 481 1359 Brev.
501 1340 554 1358 ms.
574 1330 743 1358 Ebraeense
767 1338 841 1358 e:aea
870 1329 914 1358 14.
956 1330 1026 1357 God.
1045 1329 1237 1365 Herbipolen.
1257 1330 1317 1365 ΜΡ.
1347 1329 1388 1356 th.
1410 1329 1444 1357 Ο.
1466 1328 1492 1357 9.

187 1370 253 1398 add.
276 1378 351 1398 saec.
373 1368 417 1397 15.
438 1369 472 1397 G.

540 1461 583 1492 57.
618 1460 654 1492 In
674 1458 893 1492 Translatione
912 1468 937 1491 s.
959 1459 1136 1500 Sanguinis.

189 1533 221 1566 1.
248 1532 271 1564 O
297 1530 391 1571 lapis,
417 1530 503 1562 salus
527 1530 674 1571 hominiS,
868 1532 899 1563 4.
925 1530 1040 1562 Manus
1065 1530 1227 1570 pedesque
1251 1531 1372 1570 pateris

247 1579 271 1612 O
297 1577 355 1610 flos
382 1581 413 1609 et
437 1576 559 1609 fructus
584 1577 726 1618 virgime,
929 1577 1066 1617 (navari,
1092 1577 1222 1610 tandem
1245 1578 1356 1610 lateris

246 1627 330 1659 Prae
353 1626 426 1658 nive
452 1626 589 1657 candens
614 1626 725 1665 oreris,
927 1625 1104 1665 Apertione
1127 1624 1259 1665 profluit

247 1675 332 1707 Prae
349 1682 425 1705 rosa
443 1673 561 1706 rubens
582 1674 726 1705 moreris.
930 1672 1075 1713 Sanguis,
1100 1674 1155 1713 qui
1178 1673 1332 1705 mundum
1355 1672 1469 1706 abluit.

189 1734 221 1766 2.
248 1731 394 1764 candens
420 1738 459 1762 ex
479 1730 659 1762 innocentia
874 1732 904 1762 5.
930 1729 995 1761 Hic
1020 1739 1114 1763 eruor
1136 1731 1225 1762 lavat
1250 1731 1393 1771 crimina,

247 1778 354 1811 Rubos
380 1786 418 1809 ex
442 1778 606 1818 patientia,
929 1777 993 1810 Hic
1018 1778 1098 1809 coeli
1121 1778 1237 1818 pandit
1261 1778 1380 1820 limina,

245 1826 331 1858 Dum
355 1824 462 1858 fundis
487 1828 620 1866 propter
643 1825 801 1858 hominem
930 1824 995 1857 Hie
1019 1825 1124 1858 cordis
1148 1826 1235 1858 sitim
1259 1826 1418 1864 terminat,

249 1873 388 1914 Septena
411 1873 482 1906 vice
505 1874 700 1913 sanguinem.
929 1872 994 1906 Hic
1016 1882 1105 1905 mens
1128 1876 1264 1905 xii-tutes
1286 1874 1453 1913 germinat.

190 1932 222 1964 3.
248 1931 296 1963 Tu
319 1938 399 1970 puer
424 1930 670 1970 circumcideris,
873 1930 903 1963 6.
930 1929 980 1961 De
1004 1929 1171 1962 salvatoris
1196 1928 1347 1972 fontibus,

251 1978 374 2010 Sudore
398 1977 494 2009 rubro
520 1978 663 2018 tingetis,
929 1977 1061 2008 Innocm·
1087 1986 1157 2008 eum
1181 1976 1336 2016 sontibus,

251 2026 402 2059 Cruentat
423 2023 595 2065 flagellatio
930 2023 1078 2064 Haurite,
1106 2033 1165 2063 quo
1190 2025 1396 2066 mundemini,

248 2073 306 2115 Te,
332 2074 458 2105 demum
479 2072 652 2105 coronatio.
929 2071 1065 2111 VivatiS,
1088 2070 1312 2106 fecundemini.

587 2130 605 2161 7
611 2155 617 2162 .
645 2128 694 2161 Sit
717 2128 853 2160 trinitati
877 2128 980 2168 gloria

641 2178 705 2210 Pro
730 2175 891 2216 sanguinis
915 2176 1060 2216 victoria,

643 2224 702 2263 Qui
726 2224 884 2265 superatis
907 2223 1054 2255 hostibus

643 2272 711 2305 Nos
735 2272 816 2304 coeli
838 2271 949 2304 reddit,
971 2271 1128 2312 postibus.

265 2340 350 2367 Brev.
375 2348 428 2366 ms.
449 2338 672 2375 Gengibacense
698 2346 773 2366 saec.
801 2335 846 2365 13.
885 2337 955 2366 Cod.
978 2336 1184 2367 Carolsruhan.
1206 2338 1277 2367 (ἕπεο.
1298 2337 1344 2367 22.
1366 2354 1403 2359 -—
1424 2340 1457 2375 5,
1486 2340 1502 2369 1

190 2377 242 2407 Sic
261 2386 346 2406 cruor
364 2377 420 2406 Hs.
