1653 2637
666 113 901 149 *89—

131 213 161 246 7.
188 212 272 245 Dum
300 212 395 245 datur
419 211 505 245 salus
531 212 702 253 languidis,
819 214 850 247 8.
877 212 924 244 Te
947 221 1031 244 nunc
1056 221 1191 254 oramus,
1218 212 1363 256 Domine,

187 260 349 294 Redditur
373 260 440 293 vita
463 260 607 297 mortuis,
876 259 997 292 Eorum
1019 269 1077 292 nos
1099 261 1273 294 munimine

190 308 315 340 Lumen
340 306 524 340 refunditur
551 308 663 343 caecis,
876 306 927 339 Ab
952 307 1039 340 omni
1062 308 1146 340 malo
1170 312 1314 350 protege,

191 355 330 396 Capiunt
356 364 500 397 gressum
527 355 659 388 debileS.
877 355 993 389 Oblata
1017 358 1092 388 vota
1116 355 1231 389 tribue.

594 413 662 445 Deo
690 412 775 452 patri
800 412 843 444 sit
866 412 978 453 gloria,

208 479 292 508 Brev.
320 487 373 506 ms.
395 477 589 515 Sangallense
613 485 689 505 saec.
711 476 755 505 11.
797 476 865 505 Cod.
887 477 1055 515 Sangallen.
1084 475 1148 506 387.
1169 479 1205 506 A.
1225 494 1264 498 —
1285 479 1372 507 BreV.
1390 488 1445 508 ms.

132 517 325 554 Sangallense
345 524 421 545 saec.
445 515 489 545 11.
533 516 603 545 Cod.
622 515 790 552 Sangallen.
810 513 876 544 413.
897 517 931 543 Β.

470 608 533 640 134.
563 608 599 641 In
617 607 709 639 unius
730 607 922 640 Gonfessoris
941 607 1108 640 Pontificis.

138 681 169 714 1.
198 679 320 719 Gaude,
347 678 453 711 fidelis
480 680 598 719 concio,
823 681 853 711 4.
880 679 952 719 Eja‚
978 679 1109 712 intende
1133 679 1293 721 precibus,

193 726 239 759 Et
262 727 400 759 benedic
424 726 579 758 altissimo
880 727 964 766 Quas
989 730 1062 759 actu
1087 727 1128 759 ad
1154 729 1187 758 te
1211 725 1384 768 fundimus,

193 774 231 806 In
258 773 312 806 die
334 773 396 806 hac
418 773 570 816 laetitiae,
880 773 1019 814 Stantes‚
1044 783 1086 806 ne
1109 774 1236 813 cadant,
1261 774 1388 815 robora,

195 822 282 861 Quae
308 821 433 854 confert
460 821 543 853 dona
567 821 697 861 gratiae.
879 821 1014 863 Lapsos‚
1036 824 1073 853 ut.
1096 824 1237 863 surgant,
1263 822 1391 861 adjuva.

135 881 169 912 2.
196 878 278 910 Nam
304 878 433 918 praesul
450 881 515 910 tam
533 878 761 918 sanctissimus,
822 880 853 911 5.
879 878 1009 910 Erroris
1034 879 1120 919 pelle
1144 877 1288 910 nubilum

199 926 294 965 Cujus
320 935 405 958 nunc
429 925 545 958 festum
573 926 713 969 colimus,
880 925 943 957 Per
967 926 1047 957 lucis
1071 929 1145 958 tuae
1168 925 1303 966 radium,

194 973 349 1014 Migravit.
368 974 408 1006 ab
434 974 495 1005 hoc
518 974 644 1014 pelago,
879 972 947 1005 Fac
970 973 1073 1006 Deum
1098 982 1224 1012 semper
1250 973 1354 1006 colere

194 1021 351 1053 Laetatur
374 1022 407 1053 in
432 1030 593 1061 empyreo.
877 1020 923 1052 Et
947 1029 1036 1061 spem
1061 1021 1094 1053 in
1118 1022 1223 1061 ipsum
1248 1029 1375 1061 ponere.

135 1080 167 1112 3.
195 1078 258 1110 Hic
283 1076 345 1110 fuit,
367 1078 424 1110 lux
447 1079 482 1110 in
505 1078 636 1119 populo,
824 1078 854 1109 6.
882 1076 966 1109 Laus
990 1077 1128 1109 trinitati
1154 1077 1271 1118 debita,

194 1126 370 1165 Exemplar
394 1126 456 1157 toti
483 1125 619 1168 saecule,
881 1124 1003 1165 Honor.
1029 1127 1181 1167 potestas,
1208 1125 1321 1167 gloria,

193 1173 300 1205 Fulsit
326 1173 492 1205 doctrinae
517 1172 628 1212 radiis,
882 1172 967 1211 Quae
991 1181 1048 1205 sua
1074 1181 1113 1205 ex
1140 1173 1306 1204 clementia

194 1220 394 1261 Resplendet
418 1229 502 1252 nunc
525 1220 693 1261 prodigiis.
883 1219 1030 1253 Praestat
1054 1221 1165 1252 salutis
1191 1220 1344 1261 praemia,

215 1286 288 1315 olm.
309 1287 463 1314 Monacen.
484 1284 533 1320 (ol.
554 1284 703 1322 Tegurin.)
726 1284 760 1313 19
769 1283 832 1314 363.
854 1293 930 1313 saec.
955 1284 997 1313 15,
1018 1300 1056 1306 —-
1076 1284 1102 1319 2,
1123 1283 1141 1313 3
1160 1286 1306 1322 Migratur
1326 1285 1372 1313 ab.

535 1386 597 1419 135.
627 1388 670 1418 De
692 1386 870 1419 confessore
891 1386 1050 1418 Pontifice.

377 1460 408 1491 1.
436 1458 571 1498 Christe,
597 1460 760 1497 pastorum
786 1462 882 1497 caput
906 1461 1000 1497 atque
1024 1460 1185 1498 princeps,

437 1507 597 1539 Praesulis
623 1506 764 1547 gaudens
791 1506 955 1537 celebrare
980 1504 1107 1547 festum,

435 1554 569 1587 Debitas
598 1563 688 1585 sacro
713 1553 769 1593 pia
793 1553 888 1585 turba
911 1552 1023 1593 psallit

485 1601 632 1634 Carmine
654 1601 778 1633 laudes.

376 1661 409 1692 2.
435 1660 497 1691 lile
519 1668 584 1691 non
607 1667 690 1691 vano
715 1659 819 1691 tenuit
840 1659 1042 1691 tremendam

435 1707 558 1747 Spiritu
582 1707 692 1739 sedem
715 1707 848 1746 proprio
873 1715 933 1738 nec
958 1715 1037 1738 ausu

436 1755 500 1787 Sed
526 1763 651 1786 sacrum
673 1755 780 1793 jussus
804 1754 941 1786 Domino
968 1756 1101 1786 vocante

485 1801 627 1842 Sumpsit
652 1801 814 1834 honorem.

380 1861 412 1894 3.
439 1859 610 1892 Strenuum
635 1859 720 1891 bello
743 1859 883 1899 pugilem
908 1859 1037 1899 superni

439 1906 628 1940 Chrismatis
652 1909 748 1947 pleno
773 1908 845 1938 tuus
870 1907 962 1938 unxit,
985 1907 1072 1940 intus

436 1955 576 1996 Spiritus
603 1963 700 1987 cornu
724 1955 892 1995 posuitque
916 1958 1059 1987 sanctam

484 2004 622 2036 Pascere
647 2006 781 2044 gentem,

377 2064 409 2096 4.
436 2061 500 2094 Hic
523 2060 628 2102 gregis
652 2062 763 2101 pastor
787 2058 850 2092 fuit
873 2061 970 2100 atque
993 2059 1107 2101 forma,

436 2109 509 2142 Lux
534 2112 602 2141 erat
629 2117 734 2148 caeco,
760 2109 876 2141 misero
900 2108 1057 2149 levamen,

436 2158 594 2191 Providus
622 2156 743 2189 cunctis
769 2160 863 2197 pater
888 2156 1097 2197 omnibusque

484 2205 597 2239 Omnia
621 2204 735 2239 factus.

379 2265 409 2297 5.
438 2264 573 2305 Christe,
600 2264 654 2303 qui
679 2263 784 2295 saneti
809 2261 930 2294 meritis
956 2270 1105 2295 coronam

436 2312 561 2345 Reddis
585 2312 618 2343 in
646 2312 742 2343 coelis
770 2310 867 2343 docili
892 2310 1080 2352 magistrum

437 2360 507 2393 Fac
534 2360 625 2400 sequi
648 2359 717 2391 vita
740 2359 902 2398 similique
925 2359 1055 2390 tandem

484 2408 568 2441 Fine
591 2408 699 2448 potiri.
