1653 2637
698 123 864 159 —276
917 143 961 150 ——-

597 218 667 250 488.
699 218 742 250 De
763 218 870 249 sancto
891 217 1057 250 Theodoro.

164 288 196 322 1.
223 288 428 321 Theodoram
459 289 679 330 clarissimum,
867 291 898 323 6.
926 289 1016 322 Inter
1046 298 1124 329 quos
1150 288 1387 323 confortaverat

225 337 391 369 Athletam
415 336 669 377 invictissimum,
927 336 988 369 Per
1013 345 1049 369 se
1074 337 1219 369 Christus
1245 341 1277 369 et
1299 342 1433 378 paverat

225 384 408 417 Laudemus
435 385 541 416 cuncti
565 385 687 424 pariter
924 384 1034 424 Ipsum
1058 392 1142 424 pane
1165 385 1308 426 angelico

226 431 436 464 Concinentes
459 432 616 466 hilariter.
927 431 1026 463 Coetu
1050 433 1187 473 stipatus
1214 433 1341 465 coelico.

166 491 197 522 2.
225 490 326 529 Quem
352 489 410 522 sub
436 489 684 530 imperatoribus
867 491 898 523 7.
924 488 954 522 E
979 489 1062 520 turri
1089 489 1217 521 ductum
1241 489 1374 522 Publius

224 537 389 569 idolorum
415 537 589 569 cultoribus
925 536 1032 571 Judex
1055 539 1158 568 tentat
1182 537 1341 580 subtilius,

224 585 287 617 Pro
316 585 420 617 cultus
447 584 565 617 Christi
589 584 683 616 titulo
924 584 1063 617 Terrens
1088 592 1148 624 per
1172 584 1349 624 horribilia,

224 632 344 665 Brinca
368 632 495 672 redegit
519 632 655 665 vincu10.
925 631 1072 664 Mulcens
1097 640 1156 672 per
1180 632 1365 671 placabilia.

167 690 198 723 3.
225 689 263 721 In
285 689 530 728 Hellespontum
557 688 691 729 ducitur,
866 691 898 723 8.
924 688 1009 721 Dum
1034 688 1157 729 spernit
1180 689 1377 729 transitoria,

224 735 271 769 Ut
294 736 438 768 immolet
461 736 624 768 inducitur
923 736 1043 776 Magna
1067 736 1187 776 potitus
1213 737 1324 779 gloria,

223 784 294 816 Diis
321 783 423 824 falsis,
454 784 511 815 sed
536 792 600 815 non
625 783 746 826 annuit,
924 784 1063 816 Voratus
1087 783 1214 816 flamma
1238 784 1358 824 ignium

227 832 326 864 Immo
358 834 541 863 constanter
565 831 680 861 renuit.
925 830 1164 863 Consummavit
1186 831 1385 871 martyrium.

168 890 200 923 4.
228 888 439 920 Deliberandi
463 888 569 929 spatia
867 889 899 920 9.
925 886 994 919 Nec
1018 888 1105 919 solus
1130 887 1189 919 sed
1216 896 1286 919 cum
1310 886 1446 919 fortibus

229 936 299 969 Sibi
325 937 451 974 dantur,
479 934 613 967 audacia
928 934 1058 966 Coelum
1082 936 1181 967 intrat
1207 935 1417 975 consortibus,

225 983 320 1015 Forti
343 983 497 1021 templum
521 983 701 1013 intraverat
922 982 1084 1014 Videlicet
1111 982 1255 1024 01001110,

226 1030 425 1069 Dianamque
450 1032 656 1062 cremaverat.
926 1028 1042 1061 Sancto
1069 1038 1193 1069 quoque
1217 1029 1386 1068 Eutropio.

169 1089 201 1121 5.
229 1088 314 1120 Hinc
339 1094 468 1119 carcere
494 1085 685 1129 detruditur,
857 1087 910 1119 10.
924 1084 1077 1118 Nostrum
1103 1085 1142 1118 ob
1169 1086 1283 1118 horum
1307 1086 1456 1118 meritum

229 1135 288 1173 Qui
314 1134 457 1175 quamvis
481 1142 544 1165 non
569 1133 755 1172 recluditur,
923 1132 1138 1173 Abstergatur
1164 1134 1362 1173 demeritum,

226 1181 437 1215 Psallentium
459 1180 601 1213 melodia
925 1179 1115 1214 Conferatur
1140 1182 1323 1222 aeternitas,

228 1230 369 1261 Auditur
393 1229 426 1259 in
451 1227 606 1261 custodia.
925 1227 1107 1267 Precamur,
1134 1232 1246 1260 sancta
1270 1228 1407 1262 trinitas,

244 1295 345 1330 Propr.
367 1301 419 1321 ms.
434 1294 671 1329 Uttenpuranum
692 1300 767 1320 saec.
791 1291 835 1319 17.
870 1293 939 1321 Cod.
954 1293 1129 1321 Gasauaten.
1150 1293 1216 1322 XX.
1238 1295 1304 1322 VH.
1325 1291 1371 1321 37.
1391 1294 1426 1321 A.
1447 1309 1483 1313 —-

168 1333 271 1367 Propr.
303 1341 357 1359 mr.
390 1332 625 1366 Uttenpuranum
657 1339 733 1358 saec.
763 1328 807 1358 16.
837 1334 906 1366 post
948 1331 1032 1358 BreV.
1062 1331 1222 1359 Casinense
1256 1334 1326 1368 imp.
1351 1333 1485 1360 Venetiis

171 1369 254 1399 1568.
305 1370 382 1397 Bibl.
426 1369 457 1396 S.
501 1368 644 1403 Stephani
679 1369 854 1405 Augustani.
895 1370 929 1397 B.
966 1384 1006 1388 —
1040 1370 1127 1397 Brev.
1157 1369 1384 1398 Constantiense
1417 1372 1488 1406 imp.

172 1417 194 1436 s.
219 1408 240 1434 1.
267 1410 297 1434 et
320 1415 346 1434 a.
370 1406 400 1433 Ο.
429 1420 465 1424 --
490 1404 520 1439 2,
551 1405 565 1433 1
585 1405 674 1433 Hunc
694 1407 748 1434 sub
769 1406 830 1433 AB.
851 1422 889 1425 —
908 1406 940 1441 4,
969 1404 987 1433 2
1006 1407 1069 1442 Ipsi
1089 1408 1196 1435 dantur
1216 1408 1276 1436 AB.
1298 1423 1333 1427 —-
1355 1407 1385 1443 5,
1415 1407 1431 1436 1
1452 1409 1487 1436 In

172 1454 319 1474 carcerem
338 1444 398 1472 AB.
428 1458 460 1461 —
490 1442 521 1477 6,
549 1441 569 1470 4
592 1444 718 1479 stipatur
737 1444 771 1471 A.
799 1458 837 1461 —
856 1448 887 1478 b,
916 1444 931 1472 1
952 1446 1070 1478 sprevit.
1092 1446 1152 1474 ΑΒ.
1174 1462 1209 1465 -
1230 1444 1262 1481 8,
1290 1445 1308 1475 3
1328 1447 1487 1484 Vox-axque

172 1483 232 1511 AB.
264 1497 291 1501 -
311 1482 368 1509 Str.
390 1479 406 1508 9
427 1481 501 1508 fehlt
519 1481 553 1508 A.
573 1495 613 1499 —
635 1479 683 1514 10,
707 1480 721 1508 1
739 1481 841 1508 Trium
862 1483 897 1510 ob
918 1483 1022 1509 horum
1041 1483 1074 1516 Β,
1095 1483 1193 1518 Hujus
1213 1485 1250 1512 ob
1272 1486 1366 1513 sancti
1388 1485 1425 1513 A.
1446 1500 1483 1504 —

174 1519 219 1554 10,
240 1518 258 1547 2
277 1520 436 1554 Abstergas
456 1520 490 1545 ut
509 1519 568 1545 AB.
588 1532 622 1536 —-
648 1517 691 1551 10,
712 1517 730 1546 3
749 1518 961 1547 Aeternitatem
981 1521 1113 1548 conferas
1133 1521 1193 1548 AB.

600 1608 669 1640 489.
698 1609 742 1641 De
761 1610 868 1641 saneto
889 1611 1057 1643 Timotheo.

716 1666 765 1696 Ad
784 1667 940 1705 Vesperas.

176 1728 193 1762 1
201 1751 209 1758 .
236 1726 401 1759 Catholica
426 1726 559 1757 ecclesia
858 1729 889 1761 3.
916 1727 1043 1761 Nobilis
1068 1730 1121 1762 hic
1147 1729 1345 1764 Christianus

235 1773 371 1806 Suffulta
394 1773 559 1812 apothesia
917 1776 1125 1816 Impositione
1148 1787 1261 1810 manus

234 1821 400 1853 Timotheo
428 1820 610 1860 conjubilat,
918 1824 1010 1857 Pauli
1035 1825 1161 1866 accepit
1185 1827 1344 1866 spiritum,

235 1869 397 1900 Aurora
426 1867 536 1899 lucis
562 1868 730 1901 rutilat.
917 1872 1039 1913 Deus,
1066 1877 1220 1906 tuorum
1244 1874 1424 1910 militum.

177 1928 208 1959 2.
234 1924 374 1956 Lucidus
400 1923 439 1954 ab
464 1923 600 1956 infantia
858 1930 892 1961 4.
918 1928 1085 1962 Exaltavit
1110 1930 1161 1962 vir
1183 1931 1318 1972 insignis

236 1972 306 2003 Tua
330 1974 521 2011 praeventus
544 1972 655 2012 gratia,
919 1978 1042 2016 Aegros
1067 1987 1172 2017 sanos,
1202 1979 1320 2018 probat
1343 1980 1443 2020 signis

236 2020 299 2051 Per
325 2018 457 2050 Paulum
480 2019 533 2050 hic
557 2017 592 2051 fit
619 2020 739 2059 doctor,
917 2023 1012 2055 Fidei
1037 2026 1253 2057 testimonium

236 2067 800 2100 Aeternererumconditor.
919 2071 1050 2110 Deus,
1078 2075 1249 2105 creator
1275 2075 1464 2109 omnium.

537 2124 571 2155 5,
596 2122 647 2154 Sit
668 2124 739 2155 laus
762 2124 818 2154 uni
841 2125 927 2157 trino
951 2125 1031 2164 Deo,

600 2169 659 2207 Qui
685 2179 753 2202 cum
779 2173 888 2203 sancto
915 2172 1080 2205 Timotheo

600 2216 747 2248 Praestet
769 2217 803 2248 in
829 2219 908 2249 coeli
932 2220 1040 2259 patria

598 2262 736 2295 Beata
758 2265 885 2296 nobis
910 2267 1075 2305 gaudia.

255 2330 339 2357 Brev.
364 2335 419 2354 ms.
448 2326 589 2355 Cui-iense
614 2336 689 2355 saec.
712 2327 757 2356 15.
800 2329 869 2357 Cod.
896 2330 983 2358 Arch.
1004 2331 1173 2367 Sangallen.
1194 2333 1348 2363 Fabarien.
1375 2338 1429 2367 ΪΧ.
1456 2358 1492 2363 -

179 2366 206 2403 2,
228 2365 245 2395 3
265 2364 499 2433 isg-vertsiffrbem
521 2374 551 2394 es
571 2365 644 2393 fehlt
663 2367 728 2395 eine
742 2367 824 2395 Silbe
842 2368 903 2396 und
924 2368 974 2396 der
987 2369 1082 2403 Reim,
1103 2370 1155 2398 der
1174 2371 1215 2397 im
1228 2379 1344 2408 ganzen
1356 2376 1492 2412 Hymnus

178 2414 278 2435 zweisi
311 2413 343 2442 ig
361 2414 373 2432 1
406 2423 411 2430 -
