1653 2637
744 104 1002 142 —158—

239 205 269 238 7.
284 204 420 243 Quorum
445 203 559 245 pergit,
585 212 680 244 grave
707 203 818 244 vergit,

331 251 487 284 Lamenta
511 251 593 291 gerit
618 251 768 290 cominus,

286 297 375 338 Quod
401 297 443 330 sit
466 298 549 331 truci
576 298 667 330 datus
693 297 779 329 c1uci

332 345 453 387 Deus,
474 345 637 377 deorum
651 344 835 377 dominus

241 421 272 454 8.
290 420 419 454 clarens
445 420 542 461 signis
567 420 662 451 laude
688 419 790 458 dignis

333 467 446 500 Multis
471 468 545 500 tulit
568 466 760 507 suffragium,

285 515 339 547 Illi
364 517 470 546 votum
495 513 576 546 favit
598 516 698 545 totum

329 562 359 594 D
370 570 441 593 eus
452 563 600 593 noster
614 559 835 599 refugium.

240 637 271 669 9.
286 636 310 668 O
336 636 475 668 formosa
498 635 613 668 florens
638 644 720 674 rosa,

332 683 450 723 Coleta,
476 683 544 715 sine
567 683 712 721 termino,

283 730 331 762 Te
354 733 512 762 sectantes
535 727 588 761 fac
610 732 788 771 regnantes,

330 777 403 816 Qui
438 776 667 809 confidunt
689 777 729 808 in
754 776 834 808 Do-

604 833 634 854 m
644 824 685 856 in
695 831 723 856 0.

219 899 274 933 10.
286 899 465 940 Margarita
487 899 646 938 redimita,

328 947 417 978 Meos
444 946 559 978 exaudi
585 946 738 984 modulos„

284 993 339 1024 Me
362 1001 547 1034 praeserves
573 995 606 1023 et
629 999 807 1034 conserves,

328 1039 389 1071 Ad
414 1042 454 1070 te
477 1039 621 1072 levavi
646 1038 799 1071 oculos.

895 203 949 236 11.
963 203 1040 235 Post
1063 201 1210 241 Man'am,
1237 202 1322 234 vitae
1346 201 1439 241 viam,

1008 248 1229 281 Mediatricem
1253 248 1424 288 hominum,

965 297 1016 327 Te
1040 296 1176 337 requiro,
1205 296 1279 328 dum
1303 295 1428 336 suspiro

1011 343 1116 375 Voce
1139 352 1220 376 mea
1240 343 1285 375 ad
1302 343 1517 376 Dominum.

896 418 950 451 12.
964 419 1011 451 Te
1035 427 1091 450 rex
1116 427 1234 459 regum,
1260 419 1354 450 stella
1378 426 1517 460 gregum,

1011 465 1082 498 Non
1110 466 1167 497 abs
1185 474 1220 497 re
1244 466 1377 497 multum
1404 465 1518 505 diligit,

966 513 1027 544 Per
1051 515 1080 543 te
1108 513 1190 545 dona
1215 513 1271 544 dat
1297 517 1329 544 et
1351 513 1445 552 bona,

1009 560 1183 601 Beatus,
1197 560 1267 599 qui
1285 559 1516 599 intelligit.

895 635 910 666 1
919 636 950 668 3.
967 635 1038 673 Vos,
1062 643 1197 676 sorores,
1223 634 1340 667 Christi
1364 632 1469 675 flores,

1011 683 1106 721 Sequi
1129 685 1261 714 matrem
1287 681 1455 721 addiscite,

962 730 1071 761 'Mores
1096 730 1218 769 pandit,
1244 731 1332 761 astra
1355 729 1481 761 scandit

1009 777 1136 816 Ecce,
1186 785 1294 808 nunc
1343 777 1470 808 bene-

1289 824 1329 855 di
1339 823 1431 855 cite.

893 899 949 930 14.
962 898 1056 929 Hanc
1081 898 1223 930 Coletam
1247 901 1314 929 tam
1338 897 1476 930 facetam

1010 945 1101 977 Omni
1132 945 1260 985 dempta
1285 945 1442 976 calumnia

962 992 1134 1033 Honorate‚
1166 991 1355 1035 collaudate,

1010 1038 1119 1072 Coeli
1138 1041 1325 1072 enarrant
1341 1038 1513 1079 gloriam.

534 1113 589 1147 15.
607 1113 652 1145 Et
674 1121 741 1152 vos,
767 1117 883 1153 patres,
909 1122 1029 1153 nosque
1053 1111 1168 1145 fratres

653 1161 690 1192 ln
716 1159 844 1191 Coletae
867 1160 1050 1191 memoriam

607 1207 827 1247 collaetemur,
853 1207 1072 1249 carminemur‚

655 1254 772 1287 Coeli
798 1257 1003 1286 enarrant
1026 1253 1216 1295 gloriam.

287 1336 354 1364 Cod.
373 1335 448 1364 7912
468 1337 518 1364 der
537 1336 568 1363 k.
588 1346 615 1363 u.
636 1337 666 1365 k.
687 1336 1253 1364 Familien-Fideikommifs-Bibliothek
1273 1336 1363 1364 VVien
1382 1344 1456 1363 saec.
1470 1335 1514 1364 15.

215 1374 279 1401 add.
301 1383 375 1402 saec.
395 1371 470 1401 1⁵11e.
491 1388 526 1393 -
547 1374 606 1401 Die
625 1374 731 1401 letzten
753 1374 853 1401 Zeilen
873 1373 946 1400 aller
966 1373 1111 1410 Strophen
1128 1373 1399 1411 Psalmenanfflange.

644 1493 708 1523 267.
737 1492 780 1523 De
800 1492 906 1524 sancto
932 1492 1079 1524 Conrado.

474 1573 506 1606 1.
532 1572 599 1605 Isto
627 1572 788 1604 confessor
811 1573 939 1605 Domini
965 1573 1141 1612 Conradus,

531 1618 648 1651 Christi
673 1620 821 1651 sacerdos
847 1624 878 1651 et
902 1619 1047 1659 pontifex
1071 1621 1182 1661 almus,

527 1665 634 1698 Hodie
657 1667 758 1698 laetus
784 1666 899 1699 meruit
922 1670 1046 1699 secreta

575 1712 736 1745 Scandere
759 1714 847 1745 coeli.

472 1789 505 1821 2.
531 1787 567 1820 In
590 1788 756 1827 juventute
781 1789 966 1829 sobriusque
990 1789 1072 1830 pius,

528 1835 707 1876 Pauperum
731 1836 868 1868 clemens
893 1840 985 1875 pater
1011 1840 1042 1868 et
1067 1839 1189 1868 amator

529 1882 703 1923 Castitatis,
730 1892 810 1922 quae
836 1884 995 1923 vegetavit
1020 1883 1087 1923 ejus

577 1928 726 1969 Corporis
750 1933 848 1962 artus.

495 2028 503 2037 .
529 2002 606 2035 Flos
632 2003 785 2044 paradisi,
811 2004 939 2044 praesul
965 2005 1143 2044 Cuonrade,

531 2050 716 2090 Supplicum
738 2051 813 2082 audi
838 2059 949 2090 preces
975 2055 1006 2082 et
1030 2053 1246 2091 languentum,

530 2097 677 2135 Quolibet
699 2097 810 2129 morbo
835 2096 955 2129 fuerint
978 2099 1111 2138 gravati,

574 2143 782 2183 Membraque
807 2153 905 2177 cures.

492 2244 500 2252 .
528 2218 649 2252 Chorus
675 2222 707 2251 te
732 2219 840 2251 laudet
865 2220 1065 2252 sacerdotum
1090 2223 1186 2260 atque

529 2265 692 2305 Virginnm
720 2269 823 2298 turma
847 2268 880 2299 in
904 2267 1024 2299 honore
1047 2270 1101 2299 tuo

527 2314 660 2353 Pangat‚
694 2314 848 2353 Conrade‚
874 2316 909 2346 ut
932 2315 995 2346 tuis
1018 2316 1165 2355 juvemur

576 2360 703 2393 Meritis
728 2361 831 2397 almis.
