1653 2637
716 114 880 149 —122
940 135 971 139 —

589 214 619 245 7.
644 212 755 243 Annae
777 211 884 250 proles
909 210 1088 254 benedicta,

642 259 680 291 In
705 261 779 291 tuae
802 258 913 290 matris
938 258 1048 297 gloria,

642 307 733 346 Veni,
760 306 851 337 nobis
875 305 1015 345 propitia

691 352 778 385 Coeli
801 355 837 384 ut
862 353 959 385 dones
984 352 1109 392 gaudia.

270 439 353 466 Brev.
379 447 431 465 ms.
452 438 652 474 strigoniense
676 445 750 464 saec.
773 433 817 462 14.
839 445 883 463 ex.
927 435 995 462 (jod.
1016 435 1110 463 Palat.
1132 436 1333 464 Vindobonexi.
1358 434 1439 464 1812.
1459 452 1490 456 —

190 478 248 505 Die
264 479 365 504 zweite
378 476 457 504 Zeile
471 476 543 503 aller
557 474 700 510 Sti-ophen
713 475 768 501 mit
779 473 946 501 Ausnahm(²
961 473 1011 500 der
1025 475 1127 507 ersten,
1149 474 1261 500 viel-ten
1274 473 1334 501 und
1347 475 1497 502 siebenten

187 514 241 542 hat
260 516 324 542 eine
338 514 420 541 silbe
439 514 526 546 mehr,
549 513 596 540 die
614 512 707 539 vierte
720 511 800 539 Zeiie
821 511 894 539 ailer
907 510 1052 546 stu-ephan
1072 512 1126 538 mit
1139 511 1306 539 Ausnahxne
1320 511 1371 538 der
1383 512 1496 540 fiinften

190 552 249 579 und
271 553 421 580 siebenteu
440 551 492 578 hat
510 551 576 578 eine
596 550 732 585 weniger.
752 565 790 570 --
810 547 836 582 5,
860 547 875 576 1
895 548 969 576 fehlt
988 550 1052 576 eine
1073 548 1167 582 Sflbe3
1190 549 1214 573 O
1235 551 1361 584 erganzt.

644 678 711 709 201.
739 680 783 710 De
805 679 915 710 sancta
934 678 1030 709 Anna.

744 755 790 785 Ad
809 755 935 786 Laudes.

190 836 221 868 1.
246 834 412 866 Auroralis
437 835 492 866 lux
516 834 663 874 gignitur,
869 836 898 867 3.
926 833 1018 865 Oliva
1041 833 1124 863 viret
1147 833 1262 873 colore,

249 882 314 913 Ros
339 882 457 913 lunaris
479 883 544 921 jam
571 880 725 919 funditur,
925 881 1009 912 Vitis
1035 879 1159 912 redolet
1184 880 1292 918 odore,

247 928 330 960 Dum
355 928 460 960 Maria
485 928 645 968 egreditur
928 927 1011 958 Dum
1036 927 1122 967 parit
1146 931 1241 959 Anna
1263 927 1409 969 Mariam,

247 975 298 1007 Ex
323 979 449 1007 sanetae
473 977 585 1007 Annae
608 978 708 1006 utero.
930 974 1021 1006 Vitae
1045 973 1181 1006 labentis
1206 974 1405 1006 medicinam.

189 1034 222 1066 2.
246 1033 372 1064 Aurora
395 1034 482 1070 pam
504 1032 639 1070 radium,
868 1033 901 1065 4.
927 1030 1027 1072 Virga
1049 1028 1167 1062 florens
1192 1030 1363 1070 Aaronica,

250 1081 343 1111 Anna
367 1079 468 1119 gignit
487 1079 549 1111 Dei
573 1077 670 1110 filium
926 1077 1042 1118 Maria,
1068 1078 1181 1109 Annae
1205 1076 1283 1117 filia,

246 1125 298 1157 Ex
319 1126 431 1168 Malia,
459 1125 632 1157 visceribus
927 1125 973 1155 Te
999 1125 1091 1157 decet
1114 1125 1182 1156 laus
1209 1127 1240 1155 ot
1262 1124 1364 1164 gloria

247 1173 344 1211 Quam
371 1173 506 1212 gestavit
529 1172 691 1205 senilibus,
924 1172 962 1203 In
985 1175 1060 1204 ‘tuae
1081 1172 1193 1203 matris
1217 1171 1349 1203 laetitia.

584 1230 614 1262 5.
635 1228 792 1261 Eucharis
815 1231 925 1267 mater,
952 1228 1032 1268 avia,

638 1275 714 1307 Tuis
737 1275 885 1315 precibus
910 1275 1055 1314 implora,

638 1323 684 1355 Ut
708 1324 850 1362 expiatos
875 1322 980 1354 Maria

639 1369 705 1402 Nos
730 1371 862 1402 collocet
886 1370 920 1401 in
944 1369 1055 1408 glorffl.

265 1454 347 1480 Brcv.
368 1462 420 1481 ms.
436 1453 622 1489 Sti-igonense
642 1461 718 1480 saee-
739 1451 783 1480 14.
806 1461 848 1480 eX.
885 1453 954 1480 Cod.
972 1452 1066 1480 Paiat.
1080 1452 1246 1480 vindobon.
1268 1450 1349 1481 1812>
1371 1468 1408 1471 —
1424 1452 1451 1485 2,
1473 1451 1491 1481 3

187 1492 234 1518 Ex
255 1492 375 1519 Mariae.
395 1505 433 1509 —
453 1489 478 1522 2,
501 1489 521 1519 4
541 1491 633 1524 Quam
655 1493 787 1526 gnstavit
804 1492 836 1517 in
856 1490 982 1518 sepibus.
1003 1505 1040 1509 —-
1060 1489 1085 1524 5,
1109 1489 1124 1517 1
1144 1493 1237 1518 mater
1253 1492 1347 1518 Anna.
1369 1505 1406 1509 —
1426 1491 1453 1524 5,
1473 1489 1491 1519 3

187 1529 230 1556 Ut
249 1537 285 1555 ex
304 1531 346 1564 pii
367 1530 443 1556 caris
462 1529 567 1556 Maria.

636 1638 704 1669 202.
733 1638 776 1669 De
793 1639 903 1669 saneta
922 1638 1019 1669 Anna.

708 1714 757 1744 Ad
775 1713 967 1744 Nocturnum.

186 1795 217 1826 1.
242 1794 345 1836 Anna,
371 1795 473 1825 mater
496 1793 684 1835 gratihsing
865 1795 896 1827 3.
925 1794 1026 1832 Anna,
1053 1796 1088 1824 tu
1111 1794 1203 1826 nobis
1228 1794 1345 1834 gaudia

242 1840 449 1880 Deposoimus
472 1843 506 1871 te
528 1840 690 1880 coelibem,
923 1839 1039 1872 Confer
1063 1843 1159 1881 atque
1183 1842 1308 1883 solatia,

245 1887 397 1920 Coelestis
421 1888 512 1919 aulae
536 1887 675 1919 vernulis
923 1887 972 1919 Da
997 1897 1066 1920 cum
1091 1888 1183 1920 beata
1208 1887 1276 1920 filia

243 1935 309 1973 Quo
333 1934 534 1976 perfruamur
557 1935 693 1974 organis.
920 1934 988 1966 Tua
1012 1936 1137 1967 virtutis
1162 1936 1308 1976 gratiam.

186 1994 216 2024 2.
244 1992 347 2030 Salve,
375 1992 469 2023 beata
494 1991 620 2023 trinitas
863 1994 895 2024 4.
920 1991 1034 2031 Maria,
1060 1993 1174 2024 Annae
1196 1991 1272 2034 filia,

242 2039 379 2072 Perenni
402 2047 531 2070 manens
557 2039 683 2078 gaudio,
924 2038 1059 2071 Auferto
1087 2040 1158 2071 dira
1183 2040 1324 2084 erimina,

242 2085 333 2125 «Ἰωνᾶ,
361 2086 497 2117 creatrix
520 2085 635 2124 unitas,
925 2085 970 2118 Ut
993 2086 1025 2117 in
1052 2086 1144 2118 beato
1170 2087 1285 2127 gaudio

242 2133 392 2172 Regendo
417 2141 474 2164 nos
498 2141 557 2172 per
581 2132 750 2165 saeculum.
926 2131 1157 2174 Gonregnemus
1182 2142 1251 2164 cum
1275 2133 1351 2166 filio.

596 2190 626 2221 5.
655 2188 760 2221 Gloria
790 2189 857 2232 tibi,
886 2189 1031 2223 Domine.

260 2271 363 2300 Officia
380 2281 430 2300 ms.
450 2280 525 2299 saec.
542 2270 585 2299 15.
614 2271 864 2309 Cod.Sa1.;3allen.
884 2271 949 2301 415.
968 2287 1004 2291 —
1028 2273 1051 2303 1.
1076 2272 1089 2300 1
1105 2275 1191 2302 Anna
1210 2277 1240 2302 te
1253 2276 1431 2311 gratissima.
1452 2290 1490 2295 —

185 2310 213 2345 1,
235 2309 252 2338 2
273 2311 465 2346 Deposcimus
485 2309 634 2338 eoelibem.
656 2324 692 2328 —
713 2308 743 2344 2,
764 2310 783 2338 4
802 2310 917 2347 Regens
936 2320 999 2339 nos.
1021 2326 1058 2331 —-
1079 2309 1109 2347 3,
1131 2310 1148 2339 2
1170 2313 1276 2341 Confer
1298 2317 1333 2341 οῦ.
1355 2328 1392 2333 —
1413 2312 1447 2350 3,
1470 2312 1489 2342 3

181 2350 329 2415 {lizaficiilign
350 2350 445 2377 beata.
466 2363 500 2367 -—
521 2344 552 2381 3,
573 2347 593 2375 4
611 2349 659 2376 Da
680 2350 807 2376 virtutis.
828 2364 865 2368 —
884 2348 911 2385 4,
934 2347 951 2375 2
970 2350 1069 2378 Aufer.
1092 2365 1127 2369 -
1146 2349 1174 2385 4,
1195 2350 1215 2378 4
1233 2352 1401 2388 Regnemus
1422 2362 1489 2381 eum
