1653 2637
723 169 768 174 —
818 149 887 185 185
944 169 985 174 ·-

189 246 221 278 3.
248 245 335 288 Orat,
363 247 400 277 ut
420 246 512 278 nobis
537 246 634 278 hodie
880 249 912 280 4.
939 247 1027 279 Patri
1053 255 1180 288 semper
1203 247 1357 288 ingenito,

250 294 381 326 Oriatur
404 293 460 327 lux
486 294 618 335 gratiae,
938 294 1022 326 Filio
1047 295 1107 327 soli
1133 295 1248 336 genito,

248 342 348 374 Pleno
375 342 464 381 cujus
489 343 625 374 meridie
941 342 1076 382 Spiritui
1100 344 1256 384 paraclito

248 389 348 421 Plena
373 387 517 422 fruamur
540 390 659 430 requie.
940 389 993 423 Sit
1015 391 1085 422 laus
1110 390 1231 423 honore
1257 390 1375 424 debito.

268 465 324 492 Ex.
349 463 418 492 Cod.
438 465 469 494 S.
491 465 605 494 Gisleni
625 465 712 493 Anal.
735 465 869 493 Bolland.
890 465 942 499 VI,
963 462 1028 498 302.

625 595 685 627 313.
717 596 760 626 De
780 596 888 628 sancto
911 595 1073 627 Gordiano.

191 675 221 708 1.
249 675 450 716 sempiterne
477 676 667 718 dominator,
879 678 912 709 4.
939 677 1012 709 Jam
1036 677 1164 716 tyranni
1189 677 1418 719 blandimenta,

298 723 435 763 Christe,
461 724 572 756 mundi
599 724 753 766 conditor,
985 732 1080 755 saeva
1104 733 1258 764 spernens
1285 724 1428 765 verbera,

249 772 369 803 Amans
394 774 449 803 tuo
475 772 683 812 persistentes
937 771 980 803 Et
1007 770 1161 804 festinans
1187 781 1245 812 per
1269 774 1427 804 tormenta

295 819 327 850 in
355 827 455 860 agone
480 819 607 863 milites,
986 819 1028 851 ad
1055 819 1213 851 coelorum
1240 820 1392 861 dindima,

249 865 445 899 Gonfortasti
471 867 678 908 Gordianum,
940 865 1042 906 Caput
1067 875 1157 898 suum
1182 867 1265 898 sicut
1289 867 1356 899 ovis

296 914 473 955 agonistam
497 915 678 946 maximum.
983 923 1042 953 pro
1068 916 1100 944 te
1127 915 1216 946 dedit
1237 914 1366 954 jugulis.

188 974 221 1005 2.
248 972 307 1011 Qui
332 973 501 1011 praeclara
526 972 628 1011 stirpe
654 973 769 1011 cretus,
878 973 908 1004 5.
939 971 1139 1010 conjunxisti
1167 972 1215 1002 cui
1240 970 1355 1003 fortem

294 1027 409 1059 nempe
437 1020 528 1051 miles
554 1020 674 1051 aulicus
985 1018 1197 1058 Epimachum
1223 1019 1366 1058 militem,

247 1068 354 1107 Atque
379 1075 491 1107 gerens
517 1067 638 1100 Juliani
936 1064 1128 1098 Carnificum
1153 1067 1206 1106 qui
1230 1065 1358 1106 flagella

295 1114 397 1146 vicem
424 1115 508 1155 regis
533 1114 634 1154 impii,
983 1114 1205 1146 contemnebat
1228 1114 1366 1153 plurima

245 1161 419 1194 Eminebat
442 1162 658 1203 praepollenti
931 1161 975 1192 Et
999 1169 1058 1201 per
1081 1170 1201 1200 poenas
1226 1162 1268 1193 ad
1293 1170 1464 1201 supernam

296 1210 451 1249 dignitate
475 1210 605 1243 saeculi.
982 1209 1178 1248 properabat
1202 1209 1331 1248 regiam.

184 1270 217 1302 3.
243 1267 334 1299 Tunc
357 1267 532 1299 instructus
557 1265 622 1298 fide
647 1269 703 1298 tua
875 1267 905 1299 6.
933 1266 1071 1305 Quorum
1102 1265 1185 1298 festa
1209 1266 1406 1298 celebrantes

292 1323 351 1354 per
378 1314 493 1347 devota
517 1318 658 1355 pectora,
981 1317 1014 1344 te
1038 1322 1186 1353 rogamus
1209 1314 1380 1354 supplices,

240 1362 484 1402 Parvipendens
513 1361 699 1402 temporalis
933 1361 980 1393 Ut
1000 1361 1151 1400 juvamen
1175 1371 1232 1393 nos
1259 1370 1366 1393 eorum

292 1410 467 1442 almitatem
494 1410 651 1448 Caesaris,
983 1408 1156 1441 sentiamus
1176 1409 1332 1448 sedulum,

244 1458 307 1490 Est
331 1460 458 1489 secutus
483 1461 516 1489 te
541 1458 709 1489 coelestem
932 1455 1015 1494 Quos
1040 1457 1167 1495 precari
1191 1466 1254 1488 non
1281 1465 1440 1488 cessamus

290 1507 441 1545 prompta
464 1508 571 1537 mente
595 1505 784 1545 principem.
977 1503 1175 1535 submissivis
1201 1504 1358 1543 precibus.

522 1564 553 1594 7.
580 1562 652 1594 Hoc
677 1562 825 1601 concede,
852 1563 944 1601 pater
965 1569 1096 1600 summe,

623 1609 726 1649 patris
755 1609 815 1642 hoc
840 1612 872 1641 et
895 1609 989 1641 unice

581 1658 666 1690 Nate
691 1657 825 1697 dignans
850 1657 1040 1698 condonare,

621 1707 731 1737 sancto
754 1705 865 1744 juncto
890 1706 1061 1745 pneumate

577 1752 672 1785 Nunc
697 1754 729 1783 et
754 1761 880 1793 semper
904 1752 995 1784 nobis
1021 1754 1109 1783 tuam

626 1801 710 1832 dona
736 1801 873 1832 clemens
899 1800 1044 1840 gratiam,

255 1879 341 1907 Brev.
363 1886 417 1905 ms.
437 1878 622 1905 Disertinum
643 1884 717 1904 saec.
741 1873 785 1903 12.
826 1875 896 1904 Cod.
918 1872 1086 1910 Sangallen.
1107 1872 1173 1902 403.
1195 1874 1260 1901 add.
1281 1882 1357 1902 saec.
1379 1872 1452 1903 ¹22‘13.

618 2018 680 2050 314.
710 2018 754 2050 De
774 2018 881 2050 sancto
903 2016 1065 2057 Gregorio.

442 2102 473 2135 1.
502 2101 619 2133 Sancte
645 2099 790 2140 Gregori‚
817 2098 924 2139 magni
948 2100 1060 2138 pastor
1084 2097 1201 2137 meriti,

501 2149 624 2182 Doctor
648 2147 845 2190 praeclarus,
870 2155 947 2179 vere
970 2145 1033 2178 Dei
1061 2144 1205 2185 famulus,

502 2197 660 2229 Sacerdos
685 2195 757 2236 Dei,
783 2194 931 2237 pontifex
955 2196 987 2226 et
1010 2193 1123 2234 populi

501 2245 602 2279 Urbis
628 2245 802 2285 Romanae,
828 2246 917 2276 tanto
942 2243 1055 2283 dignus
1081 2242 1218 2276 nomine.

441 2307 473 2338 2.
501 2303 622 2343 Quibus
646 2303 709 2334 hac
733 2302 801 2334 vita
826 2300 1052 2333 demonstrasti
1076 2301 1196 2340 pabula

499 2352 595 2385 Vitae
620 2354 771 2383 aeternae
795 2358 1006 2390 permansura
1031 2348 1159 2392 lumine,

500 2400 629 2433 Docens
654 2401 767 2431 terena
792 2397 863 2430 fore
886 2396 1082 2436 transitoria,

500 2447 558 2480 Nil
582 2448 616 2479 in
640 2447 702 2479 hac
727 2446 794 2478 vita
819 2445 924 2478 carnis
948 2445 1053 2485 prosit
1077 2444 1190 2485 gloria.
