1653 2637
699 89 931 123 —52-

576 189 607 221 9.
632 186 685 219 Ad
711 187 744 216 'te
769 193 842 224 ergo
867 193 924 216 nos
951 183 1122 214 clamantes

636 235 674 266 ln
699 234 759 265 hac
781 232 865 264 valle
889 230 1092 263 lacrimarum

636 281 690 313 Ad
713 279 841 320 nuptias
862 278 1040 310 aeternales

635 328 702 360 Fac
727 326 834 359 venire
856 325 1100 364 triumphantes.

241 396 367 424 Mariale
386 395 560 424 Bemardini
585 395 621 422 de
651 393 736 420 Busti
759 393 800 419 im
822 411 828 417 .
853 390 1033 426 Argentinae
1060 387 1141 418 1498.
1180 388 1305 416 Enthalt
1331 388 1379 414 ein
1405 385 1472 413 Offi-

167 436 243 462 cium
272 434 308 462 de
327 434 525 469 Conceptione
544 433 653 465 BMV„
684 431 737 458 das
766 427 801 457 14
821 427 839 456 0
865 437 925 455 von
944 426 1045 455 sixtus
1063 427 1115 455 IV.
1136 426 1305 462 approbiert
1321 424 1396 452 wird
1413 423 1474 451 und

166 472 243 500 wohl
263 472 421 500 zweifellos
442 479 501 499 von
523 471 610 498 Busti
630 467 751 496 versasst
769 468 817 494 ist.
851 465 894 494 Er
913 467 953 494 ist
974 466 1037 493 also
1059 465 1133 492 auch
1156 465 1199 492 als
1213 464 1336 492 Dichter
1355 463 1406 490 der
1425 470 1474 488 zu-

165 510 326 546 gehbrigen
346 510 485 545 Hymnen
504 518 541 535 zu
558 506 739 536 betraehten.

594 607 640 638 92.
670 607 714 638 De
738 604 942 645 Conceptione
961 604 1049 636 BMV.

690 683 739 714 Ad
758 683 949 714 Nocturnum.

172 758 201 790 1,
228 757 252 789 Ο
281 755 446 787 benedicta
471 753 600 796 femina,
852 754 883 786 3.
908 751 1039 783 Nullum
1064 749 1200 783 redemit
1222 748 1306 781 filius

229 804 328 842 Quam
354 802 434 834 coeli
456 801 590 834 laudant
613 801 750 843 agmina,
910 800 963 831 Ex
987 799 1072 830 omni
1097 799 1191 837 gente
1215 796 1352 836 digniuS,

230 852 277 883 Te
302 848 486 882 confitemur
511 848 606 881 hodie
911 846 970 887 Qui
995 849 1027 878 te
1051 844 1191 877 servavit
1214 844 1350 884 provide

232 898 423 937 Conceptam
448 897 516 928 sine
542 895 681 927 erimine.
910 892 1066 926 Mundam
1090 892 1130 923 ab
1156 892 1242 924 omni
1263 891 1393 923 scelere.

174 966 204 997 2.
231 963 320 996 Sicut
344 962 457 994 solaris
482 962 591 994 radius
852 962 885 994 4.
912 960 1023 993 Gloria
1046 959 1115 999 tibi,
1140 959 1286 998 Domine,

232 1009 450 1050 Corruptionis
475 1009 599 1041 nescius
912 1008 972 1048 Qui
994 1009 1086 1039 natus
1113 1016 1145 1038 es
1176 1006 1216 1037 de
1239 1005 1363 1046 virgine

230 1057 362 1090 Intrasti
384 1057 495 1089 matris
520 1056 652 1096 viscera,
913 1053 993 1087 Cum
1016 1057 1109 1095 patre
1134 1056 1166 1086 et
1189 1055 1299 1085 saneto
1324 1051 1440 1092 spiritu

234 1105 258 1138 O
284 1104 422 1144 gloriosa
447 1103 583 1137 domina.
912 1103 951 1135 In
980 1102 1174 1142 sempiterna
1197 1101 1334 1133 saecula.

247 1170 373 1197 Mariale
392 1169 586 1198 Bernhardini
604 1169 641 1197 de
659 1168 745 1195 Busti
763 1169 833 1203 imp.
851 1168 1029 1204 Argentinae
1049 1164 1132 1195 1498.

596 1268 642 1300 93.
669 1268 713 1300 De
735 1268 935 1308 conceptione
955 1267 1042 1299 BMV.

729 1345 779 1375 Ad
796 1343 924 1375 Laudes.

180 1416 210 1449 1.
236 1416 385 1448 Exsultet
410 1416 490 1447 coeli
514 1415 623 1447 concio
857 1415 889 1447 3.
915 1413 1086 1453 originalis
1111 1414 1236 1446 macula

234 1462 360 1495 Mariae
384 1462 471 1495 dulei
496 1461 562 1495 filio
915 1461 1036 1493 Cuncta,
1059 1461 1216 1500 respersit,
1238 1461 1377 1501 saecula,

238 1510 366 1550 Nosque
390 1511 544 1542 laetemur
568 1510 665 1541 hodie
914 1508 988 1540 Sola
1012 1511 1086 1547 post
1108 1512 1217 1540 natum
1242 1508 1328 1541 vitiis

239 1557 451 1597 Conceptione
470 1558 623 1590 dominae.
914 1555 1083 1595 Nunquam
1109 1558 1256 1589 contacta
1281 1556 1407 1590 diceris.

179 1626 211 1657 2.
237 1625 353 1664 Maria,
380 1624 492 1656 mundi
516 1624 627 1664 gloria,
860 1624 892 1656 4.
917 1622 1033 1661 Maria,
1051 1624 1155 1655 mater
1177 1623 1310 1663 gratiae,

238 1672 335 1704 Lucis
360 1674 508 1704 aeternae
532 1671 608 1710 filia,
917 1670 1093 1710 Exemplar
1116 1670 1328 1711 innocentiae,

238 1720 284 1751 Te
308 1720 527 1758 praeservavit
549 1718 634 1751 filius
920 1718 966 1749 Te
990 1718 1198 1758 deprecamur
1222 1718 1333 1750 intime

235 1767 287 1799 Ab
312 1767 397 1799 omni
420 1766 495 1799 labe
518 1766 656 1806 penitus.
919 1765 986 1797 Nos
1011 1775 1031 1797 a
1054 1769 1186 1805 peceato
1211 1768 1353 1806 protege.

541 1834 572 1865 5.
599 1831 699 1870 Patri,
724 1834 809 1872 nato,
836 1832 990 1871 paraclito

598 1879 713 1917 Decus,
740 1879 841 1911 honor
865 1881 896 1912 et
921 1880 1024 1919 gloria

599 1928 707 1967 Atque
729 1926 855 1959 Mariae
879 1926 996 1967 virgini

598 1974 662 2005 Per
686 1973 811 2005 infinita
835 1974 971 2005 saecula.

253 2050 380 2078 Mariale
398 2049 594 2078 Bernhardini
614 2048 650 2076 de
670 2048 756 2076 Busti
775 2049 845 2083 imp.
866 2048 1047 2084 Argentinae
1068 2046 1150 2077 1498.

631 2150 678 2181 94.
711 2149 746 2180 111
766 2148 939 2181 Nativitate
957 2150 1046 2182 Bmv.

189 2224 220 2257 1.
246 2220 487 2262 Magnificemus
512 2219 642 2253 Domini
871 2223 903 2253 2.
931 2221 1027 2260 Cujus
1053 2224 1140 2254 ortus
1166 2222 1313 2255 amabilis

248 2270 400 2309 Magnum
424 2277 538 2300 nomen
562 2268 595 2299 in
620 2267 752 2307 virgine,
927 2268 981 2301 Ad
1007 2269 1104 2301 vitam
1129 2270 1243 2309 pandit
1265 2270 1397 2311 aditum,

250 2317 336 2357 Quae
359 2316 457 2348 vitam
482 2315 592 2347 reddit
614 2314 735 2347 homini
932 2316 1027 2355 Cujus
1052 2318 1162 2356 partus
1187 2317 1343 2351 mirabilis

250 2364 358 2397 David
382 2364 560 2407 procedens
582 2362 746 2404 sanguine.
930 2364 1088 2399 Mundum
1113 2365 1250 2401 salvavit
1272 2366 1445 2407 perditum.
