1653 2637
672 135 928 171 —131—

544 246 606 279 219.
635 246 679 279 De
700 249 807 280 sancto
827 247 1074 283 Bartholomaec.

388 324 418 359 1.
445 324 557 359 Laude
583 329 755 361 concordes
782 327 973 361 celebremus
998 337 1105 362 omnes

444 373 537 406 Hanc
563 375 647 407 diem
670 374 786 408 festam
810 376 944 409 Domino
969 380 1127 410 sacratam

442 421 551 454 Judici
575 423 672 455 saecli
697 423 755 456 sub
781 425 882 457 honor
906 425 1006 456 sancti

492 468 737 504 Bartholomaei.

388 537 419 569 2.
446 535 586 569 Ultimae
610 546 717 577 regem
742 538 835 570 simul
859 538 920 570 iste
943 539 1069 578 plebem

442 584 555 616 Indiae
580 585 705 618 Christo
734 586 845 619 retulit
868 587 1030 626 magistro,

444 631 569 664 Sedulis
593 632 690 672 signis
715 633 870 666 adhibens
895 633 1039 674 benignis

490 679 613 720 Dogma
636 680 759 714 salutis,

384 747 414 778 3.
441 744 492 777 Ex
517 745 685 786 Astryagis
710 744 839 778 feritate
862 746 947 786 regis

441 793 610 833 Promptus
636 792 675 825 ob
702 792 863 826 Christum
884 794 1046 834 jugulatus
1071 794 1186 835 ipsum,

441 839 552 872 Victor
575 841 607 873 in
633 849 764 881 regnum
789 840 887 873 subiit
909 850 1089 881 supremum

489 888 607 920 Laetus
633 888 667 920 111
690 898 812 922 aevum.

383 956 415 988 4.
442 954 544 994 HuJ'us
570 957 661 988 oratu
685 955 800 987 redimi
822 957 913 987 reatu

440 1001 506 1034 Nos
530 1003 602 1042 pius
629 1002 725 1034 donet
749 1003 835 1035 Deus
861 1005 893 1034 et
918 1006 1047 1035 coronet

440 1049 574 1081 Actibus
596 1050 692 1090 justis
716 1051 878 1091 societque
901 1050 1015 1082 turmis

484 1098 625 1129 Aethere
649 1098 779 1130 sanctis.

379 1164 411 1197 5.
438 1163 584 1195 Praestet
607 1164 668 1196 hoc
692 1164 783 1196 nobis
808 1166 910 1204 pater,
936 1166 1047 1196 auctor
1071 1164 1166 1203 orbis,

438 1210 515 1243 Cum
544 1220 600 1243 suo
624 1213 699 1243 nato
725 1211 908 1251 pariterque
932 1214 1042 1244 sancto

436 1257 557 1298 Spiritu
581 1259 683 1290 trinus
707 1258 805 1302 Deus,
831 1261 925 1299 atque
949 1268 1030 1291 unus

481 1302 639 1347 Tempore
664 1309 787 1341 cuncto,

213 1391 298 1418 Brev.
332 1399 384 1419 ms.
410 1392 563 1420 Monacen.
593 1388 695 1420 26681.
721 1400 797 1419 saec.
825 1390 869 1420 15.
902 1406 908 1410 -
971 1390 1001 1419 1.
1028 1390 1046 1419 2
1071 1392 1174 1419 festam
1196 1392 1277 1419 fehlt.
1305 1405 1342 1410 --
1367 1389 1400 1425 2,
1430 1390 1443 1419 1

137 1429 261 1495 131τίωὲ
281 1444 316 1448 -
337 1427 363 1465 3,
388 1427 401 1457 1
422 1431 540 1457 mastris
561 1431 632 1458 statt
650 1430 805 1465 Astryagis
819 1430 873 1458 Hs.
895 1445 931 1449 -
952 1428 977 1464 5,
995 1421 1017 1458 Δ3
1031 1429 1156 1466 Spiritui
1177 1432 1278 1458 sancto
1299 1430 1393 1457 trinus
1425 1433 1446 1457 :t

137 1475 212 1494 unus
264 1476 286 1495 s.

585 1569 653 1601 220.
685 1569 729 1601 De
749 1572 857 1602 sancto
877 1570 1010 1602 Bavone.

136 1649 166 1682 1.
191 1645 322 1690 Audite,
350 1649 469 1682 Christi
491 1650 619 1691 milites,
820 1653 850 1684 5,
876 1647 958 1683 Erat
983 1651 1045 1683 sibi
1071 1650 1246 1683 contrarius

191 1696 293 1728 Voces
315 1700 463 1730 ovantum
487 1698 619 1738 concite,
876 1698 1012 1737 Quidam
1033 1698 1160 1738 loquela
1183 1697 1346 1741 subdolus,

193 1743 292 1776 Laeto
320 1746 467 1777 canentes
494 1745 618 1785 agmine
877 1746 937 1784 Qui
960 1749 1062 1778 morte
1085 1746 1215 1786 punitus
1241 1744 1310 1778 fera

193 1790 300 1823 Sancti
325 1792 463 1825 Bavonis
488 1793 632 1832 gloriam,
876 1793 937 1825 Est
962 1803 1040 1826 voce
1065 1796 1227 1826 surrectus
1252 1801 1319 1825 sua.

133 1860 164 1892 2.
191 1855 294 1892 Beata
317 1862 420 1891 mater
444 1857 502 1891 filii
818 1863 849 1896 6.
876 1857 932 1894 Fit
954 1859 1047 1892 fietus
1074 1863 1106 1891 et
1127 1858 1204 1892 fletu
1228 1860 1317 1900 pium

191 1906 237 1939 Et
259 1907 361 1946 prolis
387 1906 508 1939 electae
532 1908 602 1951 Dei,
877 1907 1085 1941 Cernentibus
1110 1908 1194 1940 hunc
1218 1907 1376 1949 gaudium,

192 1953 311 1987 Gavisa
334 1958 431 1995 partu
454 1956 637 1995 praecluem
876 1957 974 1996 Quam
1001 1956 1123 1989 concite
1147 1956 1238 1988 miles
1262 1956 1324 1989 Dei

189 2001 314 2036 Effudit
339 2003 411 2036 orbi
432 2003 574 2036 militem.
877 2004 979 2045 Leges
1009 2004 1142 2037 resolvit
1165 2003 1271 2037 inferi.

131 2073 163 2105 3.
191 2067 303 2111 Coepit
330 2070 453 2103 sinistri
477 2071 614 2103 tramitis
817 2074 847 2106 7.
876 2068 996 2115 Gaude,
1023 2072 1150 2113 patroni
1175 2071 1334 2112 portatrix

186 2118 310 2152 Dexter
334 2118 465 2160 superni
488 2119 644 2161 principis
873 2121 1020 2160 Augusta
1044 2120 1138 2152 tellus
1165 2120 1316 2162 corporis,

187 2166 264 2199 Tiro
289 2175 437 2200 reversus
460 2166 586 2200 lubrica
874 2169 959 2208 Quae
983 2169 1065 2200 cella
1089 2169 1207 2200 sanctis
1233 2167 1364 2200 artubus

187 2214 240 2248 Ire
261 2215 408 2247 relictum
435 2215 537 2250 devia.
872 2216 964 2257 Eras,
992 2217 1080 2257 quies
1107 2218 1138 2247 et
1162 2225 1246 2248 nunc
1270 2225 1356 2250 511115.

129 2283 161 2317 4.
188 2279 272 2316 Dum
298 2280 443 2315 subdidit
468 2283 583 2315 collum
604 2284 681 2324 jugo
814 2285 845 2318 8.
874 2279 976 2323 Hujus
1002 2286 1149 2324 precatus
1174 2284 1315 2321 sedulus,

189 2329 292 2362 Suave
316 2330 483 2363 terendum
510 2332 637 2374 coelico,
873 2331 986 2364 Coram
1011 2331 1079 2365 Deo
1104 2334 1169 2364 tam
1195 2332 1331 2374 vividuS‚

188 2378 343 2411 Potenter
361 2379 443 2411 haec
466 2378 605 2420 insignia
872 2378 999 2411 Fictum
1023 2380 1155 2421 maligni
1184 2380 1310 2421 :piritus

190 2424 353 2459 Effecerat
376 2426 546 2459 miracula:
876 2427 1023 2460 Pellebat
1046 2429 1079 2461 in
1103 2428 1315 2469 serpentibus

1232 2473 1271 2503 9*
