1653 2637
713 138 971 177 —117-

652 232 715 264 190.
745 233 787 265 De
809 235 918 265 sancta
939 234 1035 264 Anna.

730 301 778 331 Ad
797 299 956 339 vesperas.

189 368 219 401 1.
247 367 438 400 Solemnitas
463 367 603 401 fidelium
871 372 902 404 4.
931 373 1055 403 Annam
1080 370 1237 402 honorant
1260 371 1374 411 angeli,

244 415 398 456 Magnum
423 416 561 448 revolvit
586 418 746 458 gaudium,
934 417 1069 457 Superni
1095 426 1187 458 quam
1213 417 1324 457 palatii

250 463 477 504 congaudeant
501 464 681 506 coelicolae,
931 465 1103 497 Deducunt
1125 466 1159 497 in
1184 465 1326 497 sacraria

243 511 321 543 Piae
345 510 506 543 laetentur
533 512 668 545 animae.
930 514 993 546 Pro
1019 515 1113 545 natae
1137 512 1327 547 reverentia,

186 569 218 602 2.
244 567 369 600 Mariae
393 570 496 601 mater
519 568 641 610 inclita,
873 571 903 604 5.
930 570 1058 602 Annam
1083 570 1228 601 certatim
1255 569 1434 609 concinunt,

246 614 335 653 Quae
359 615 539 648 condonata
562 617 678 649 merita
929 617 1015 649 Dum
1041 618 1240 657 complacere
1264 616 1404 657 gestiunt

243 661 398 695 Declarat
422 664 456 695 in
481 664 647 705 vocabulo,
930 665 1134 703 Imperatrici
1161 665 1308 705 coelicae,

242 710 412 742 Praesenti
435 710 553 751 migrat
577 711 716 744 saeculo.
928 712 1076 744 Parentis
1097 712 1191 752 hujus
1208 711 1305 744 filiae.

185 768 217 799 3.
245 766 385 799 obtentu
409 769 512 798 mater
537 766 632 807 filiae,
873 769 904 802 6.
931 770 1035 808 Anna,
1062 768 1147 800 beati
1172 768 1308 800 nominis

243 814 370 846 Mariae
393 815 509 854 plenae
532 815 662 856 gratiae,
931 816 1115 856 Parensque
1135 818 1245 848 tantae
1271 816 1411 857 virginis,

243 860 345 893 Nobis
371 864 531 894 auctorem
559 862 695 895 omnium
929 863 1019 903 Quod
1042 866 1096 895 tuo
1121 872 1215 895 sonas
1240 864 1373 906 nomine,

244 908 375 941 Reddat
395 910 491 941 Anna
512 910 696 950 propitium.
928 910 1002 942 Tibi
1028 911 1151 943 devotis
1176 910 1295 944 obtine.

598 968 629 999 7.
656 966 706 999 Sit
728 967 798 999 laus
821 970 955 1007 paterno
979 967 1101 1009 lumini,

658 1014 707 1046 Sit
730 1013 859 1054 filioque
883 1013 1012 1058 flamini,

655 1061 717 1101 Qui
739 1071 797 1094 nos
821 1071 881 1101 per
905 1065 1019 1094 Annae
1041 1062 1189 1094 meritum

657 1109 745 1142 Coeli
773 1110 868 1141 ducat
891 1109 934 1141 ad
959 1109 1090 1143 aditum.

259 1173 345 1201 BreV.
366 1182 418 1201 ms.
434 1174 545 1201 Montis
560 1173 589 1201 S.
602 1174 717 1202 Mariae
737 1183 812 1202 saec.
830 1173 873 1202 14.
906 1173 975 1202 Cod.
990 1174 1245 1210 Guelfenbyteran.
1269 1173 1322 1203 170
1338 1174 1386 1209 (Η.
1403 1173 1495 1210 1452).

181 1211 216 1238 A.
244 1225 282 1230 —-
306 1212 391 1239 Brev.
422 1220 474 1239 ms.
502 1211 613 1240 Montis
640 1212 669 1239 S.
698 1212 812 1240 Mariae
841 1214 912 1240 anni
944 1211 1024 1241 1340.
1066 1211 1134 1239 Cod.
1155 1213 1411 1248 Guelfenbyteran.
1442 1211 1497 1240 546

181 1247 232 1283 (Η.
261 1247 336 1283 506).
356 1250 390 1277 B.
411 1263 449 1269 —-
467 1250 578 1285 Hymn.
606 1259 660 1278 ms.
687 1259 763 1279 saec.
785 1248 829 1278 14.
870 1250 940 1279 Cod.
964 1251 1220 1286 Guelfenbyteran.
1241 1251 1281 1279 H.
1303 1249 1386 1280 1374.
1408 1252 1440 1279 O.
1460 1266 1499 1270 —

180 1286 268 1315 Brev.
294 1296 348 1315 ms.
373 1287 568 1315 Cracoviense
595 1297 670 1316 saec.
694 1287 737 1316 15.
779 1288 847 1316 Cod.
870 1289 1016 1324 Jagellon.
1041 1287 1121 1316 1255.
1142 1290 1179 1317 D.
1200 1304 1237 1308 —
1258 1289 1327 1317 Ood.
1348 1289 1497 1317 Monaste-

180 1326 254 1352 rien.
281 1322 336 1353 239
363 1324 440 1360 1723)
459 1333 535 1354 saec.
566 1324 609 1354 15.
639 1326 675 1354 E.
696 1340 733 1346 „-
760 1328 865 1354 Dium.
892 1335 944 1354 ms.
965 1327 1150 1355 Dominican.
1176 1335 1252 1355 saec.
1275 1325 1319 1355 14.
1341 1328 1382 1354 in.
1424 1327 1496 1355 Cod.

181 1363 342 1398 Araugien.
369 1364 402 1391 M
427 1362 444 1391 5
474 1372 500 1399 q.
528 1364 560 1392 F.
583 1379 618 1383 —
638 1365 724 1392 Brev.
752 1365 913 1393 Othinense
938 1366 1007 1401 imp.
1027 1364 1166 1393 Lubecae
1193 1363 1265 1392 1497
1291 1365 1325 1393 G.
1351 1380 1388 1384 -—
1408 1366 1495 1393 BreV.

180 1400 392 1429 Roschiltlense
416 1403 487 1436 imp.
507 1403 632 1430 Parisiis
655 1400 737 1430 1517.
761 1403 799 1430 Η.
820 1418 857 1422 -
878 1403 963 1431 Brev.
985 1402 1173 1431 Goslariense
1199 1404 1268 1439 imp.
1290 1403 1495 1431 Halberstatlii

184 1436 267 1466 1525,
288 1440 311 1467 1.
326 1454 365 1459 —-
379 1439 435 1467 Str.
457 1438 475 1467 3
495 1439 569 1468 fehlt
581 1440 768 1476 ABODEF13
791 1440 847 1469 Str.
867 1439 943 1469 3-—6
963 1441 1031 1468 incl.
1051 1439 1149 1468 fehlen
1168 1441 1205 1476 1⁴¹3
1228 1441 1284 1469 Str.
1306 1440 1323 1469 5
1342 1450 1371 1468 u.
1394 1439 1410 1469 6
1430 1450 1495 1468 um-

181 1477 302 1512 gestellt
329 1478 394 1506 GH.
424 1478 470 1506 Ad
490 1478 606 1506 Laudes
627 1478 691 1506 GH.
712 1494 750 1499 ——
772 1478 801 1513 1,
826 1476 844 1506 3
871 1478 1064 1515 congaudent
1084 1478 1143 1513 OF,
1170 1480 1246 1507 coeli
1275 1481 1375 1507 curiae
1400 1480 1432 1507 F.
1458 1493 1491 1498 --

183 1514 198 1542 1
210 1535 217 1549 ,
238 1514 259 1543 4
274 1515 422 1544 laetantur
443 1515 476 1544 C.
497 1531 534 1536 —-
557 1514 588 1550 2,
616 1515 632 1544 1
653 1520 746 1545 mater
764 1518 854 1544 unica
872 1518 909 1546 G.
933 1532 971 1536 —
992 1514 1019 1550 2,
1040 1515 1059 1543 2
1078 1517 1243 1545 condonuta
1261 1526 1385 1546 munera
1403 1526 1494 1555 gage..

181 1552 239 1580 den
259 1554 345 1582 Reim
366 1554 449 1583 CDF.
470 1571 507 1575 —-
526 1553 558 1588 4,
585 1553 603 1583 3
623 1555 779 1583 Deducant
797 1555 837 1583 H.
857 1570 895 1574 —
915 1553 943 1589 5,
972 1553 990 1582 2
1010 1555 1088 1582 Dum
1104 1564 1151 1583 me
1171 1555 1288 1591 placere
1307 1556 1344 1583 D.
1365 1572 1402 1576 —
1424 1555 1450 1589 6,
1476 1553 1494 1583 3

180 1591 258 1657 {1133
274 1592 313 1657 J}
331 1607 371 1612 —-
389 1591 419 1627 5,
451 1590 469 1620 3
497 1593 577 1627 Quos
604 1596 654 1621 tuo
677 1601 764 1621 sanas
791 1592 837 1629 H3
863 1596 950 1622 sonat
969 1593 1000 1622 G.
1020 1608 1059 1613 —
1079 1592 1112 1627 7,
1142 1592 1156 1621 1
1183 1602 1245 1630 sqq.
1266 1594 1330 1622 Deo
1351 1596 1429 1630 patri
1458 1595 1496 1621 sit

258 1630 285 1658 D
297 1637 305 1651 ⁴
315 1631 338 1658 Ι.

647 1742 703 1774 191.
734 1742 779 1773 De
800 1744 911 1774 sancta
930 1743 1029 1774 Anna.

744 1810 793 1839 Ad
812 1810 940 1840 Laudes.

184 1880 216 1912 1.
242 1879 290 1913 Ut
315 1879 433 1912 celebri
457 1880 583 1912 laetitia
869 1882 902 1915 3.
927 1880 1013 1913 Hinc
1037 1881 1244 1913 solemnizent
1266 1880 1364 1913 hodie

243 1928 450 1968 Congaudeat
476 1928 620 1969 ecclesia,
930 1927 1068 1968 Superni
1095 1928 1179 1960 cives
1206 1928 1323 1969 curiae,

242 1976 375 2008 Festum
397 1976 532 2009 honoret
559 1974 695 2016 celebre,
928 1975 992 2008 Pro
1016 1978 1126 2008 tantae
1149 1977 1262 2008 matris
1286 1976 1389 2016 gloria

240 2024 332 2065 Quod
359 2032 486 2057 causam
513 2025 568 2057 dat
592 2023 744 2057 laetitiae.
931 2023 1078 2056 Resultet
1102 2024 1181 2056 coeli
1206 2024 1362 2057 machina.

182 2083 213 2116 2.
239 2082 310 2115 Lux
336 2081 431 2115 adest
454 2082 657 2122 venerabilis,
870 2085 902 2117 4,
930 2081 996 2114 Nos
1023 2090 1098 2122 ergo
1125 2081 1331 2114 devotissima

240 2131 279 2164 In
305 2139 367 2171 qua
392 2131 539 2172 supernis
565 2129 690 2170 gaudiis
928 2131 1103 2169 Jungamus
1129 2130 1178 2162 his
1199 2131 1381 2172 praeconia,

240 2177 349 2211 Mater
373 2178 499 2211 Mariae
524 2177 657 2219 virginis
929 2177 1049 2210 Sonent
1072 2178 1260 2219 hymnorum
1288 2178 1413 2210 cantica

237 2227 406 2259 Inducitur
430 2226 470 2260 ab
497 2227 630 2267 angelis,
927 2225 1103 2267 Meraeque
1127 2226 1216 2259 vocis
1240 2235 1370 2267 organa.

537 2286 568 2318 5.
595 2284 716 2317 Parens
742 2283 872 2324 reginae
899 2284 1050 2315 coelicum

596 2332 661 2365 Ora
684 2341 744 2372 pro
769 2331 861 2364 nobis
885 2331 1067 2372 Dominum,

596 2381 643 2414 Ut
667 2380 779 2412 mundi
803 2382 879 2420 post
903 2380 1048 2411 exsilium

594 2428 661 2461 Det
683 2428 912 2468 sempiternum
937 2427 1096 2468 gaudium.
