1653 2637
745 88 1001 123 -132—

240 188 269 219 9.
296 183 400 220 Unum
424 185 536 229 Deum,
563 193 653 224 quem
679 185 808 218 colimus
903 183 956 217 11.
971 180 1108 217 Ymnum
1129 192 1190 223 pro
1215 181 1305 215 nobis
1332 182 1384 214 dic
1406 181 1486 224 Deo,

296 234 342 265 Et
363 236 429 265 toto
458 233 553 264 corde
574 232 760 272 quaerimus,
926 228 930 229 ⁷
973 230 1051 262 Esto
1077 230 1177 263 nostri
1201 238 1329 269 memor,
1354 229 1451 269 Bavo,

297 279 352 313 Illi
376 281 419 312 sit
441 280 542 311 virtus
567 281 599 310 et
621 279 721 311 honor
972 277 1119 318 optando
1144 278 1278 310 salutem
1300 276 1393 309 nobis

295 327 337 359 Et
362 327 534 368 gratiarum
558 326 650 358 actio.
972 324 1071 357 Simul
1097 328 1128 357 et
1152 324 1391 365 indulgentiam.

229 385 283 418 10.
296 381 480 417 Xristianae
509 382 563 423 qui
585 381 660 414 fidei
903 382 958 415 12.
972 378 1101 415 Zelator
1127 385 1164 414 ut
1187 381 1279 416 fortis
1303 381 1390 413 Deus

297 432 492 463 Aemulatori
514 430 635 462 Bavoni
969 429 1097 461 Manias
1119 438 1177 461 nos
1201 429 1241 461 ab
1266 428 1409 461 hostibus

299 478 479 510 Claritatem
505 479 702 509 concesserat
972 476 1097 516 Detque
1121 484 1272 516 praesens
1298 475 1445 508 solatium

298 526 373 559 Cum
403 524 522 564 angelis
548 525 741 563 perpetuam.
977 523 1022 555 Et
1044 531 1184 555 summae
1208 523 1288 555 lucis
1312 522 1466 556 bravium.

302 589 394 616 Psalt.
424 596 447 615 c.
473 589 570 622 hymn,
600 595 652 614 ms.
674 586 702 614 S.
723 586 851 614 Bavonis
879 594 953 614 saec.
975 585 1020 614 15.
1061 586 1128 614 Cod.
1150 587 1316 616 Gandaven.
1342 586 1379 615 73
1402 586 1466 623 (16).
1490 603 1529 607 —

227 626 333 655 Leider
364 625 460 654 fehlen
492 625 598 653 diesem
633 625 712 653 alten
736 624 910 658 Abcdarius‚
944 624 1007 652 dem
1037 624 1084 652 ich
1114 625 1290 653 anderwiirts
1315 626 1397 653 nicht
1422 626 1529 654 wieder

229 665 372 700 begegnet
395 664 455 698 bin,
484 661 518 690 11
539 663 697 699 Strophen‚
723 659 742 689 I
761 663 807 690 bis
828 661 854 689 Τ
876 662 1115 696 einsehhesshch,
1140 663 1208 691 weil
1226 665 1259 691 in
1278 663 1329 691 der
1348 664 1455 692 Genter
1472 665 1527 692 Hs.

230 704 278 729 ein
302 702 383 729 Blatt
410 701 644 737 ausgeschm'tten
668 701 715 728 ist.
763 701 829 727 Von
853 700 904 728 der
926 703 1053 728 neunten
1077 701 1203 738 Strophe
1229 701 1294 730 sind
1319 710 1374 729 nm·
1403 701 1451 730 die
1468 702 1528 729 An-

230 740 416 775 fangsworte:
447 739 545 774 „Idem
564 739 693 766 reclusus
714 737 830 765 saeculo
847 735 961 774 Loqui“
982 738 1158 773 vorhanden‚
1180 748 1239 767 von
1259 739 1309 767 der
1327 740 1529 768 neunzehnten

228 776 276 812 (Τ)
295 777 345 804 der
360 776 490 805 Schluss:
512 779 572 805 suis
593 775 728 813 subjugat
748 776 853 804 Orbem
872 779 1005 811 potenter
1024 776 1146 813 legibus.
1168 794 1201 798 —
1226 778 1248 810 1,
1271 775 1288 804 2
1309 780 1444 805 ovantum
1461 786 1527 806 con-

230 815 315 843 sides.
337 830 373 835 ——
394 813 420 849 3,
440 814 459 842 4
477 815 527 843 Iri.
549 829 585 834 —-
603 814 686 843 Nach
708 813 763 842 Str.
785 811 801 842 6
819 813 951 849 Divisi'03
975 814 1025 842 der
1044 822 1137 850 ganza
1155 815 1318 843 Abcdarius
1337 824 1399 843 war
1415 816 1476 844 also
1497 818 1528 844 in

229 852 368 886 mehrere,
389 852 632 880 wahrscheinlich
652 849 669 880 3
689 853 827 886 Hymnen
847 851 994 887 abgeteilt.

653 971 713 1003 221.
743 973 785 1003 De
805 972 912 1003 sancto
931 970 1104 1003 Benedicto.

772 1038 820 1069 Ad
844 1039 981 1068 Tertiam.

232 1107 265 1140 1.
285 1107 475 1139 Benedictus
500 1116 591 1140 verus
616 1109 716 1149 testis,
909 1111 941 1142 4.
966 1109 1160 1141 Benedictus
1183 1117 1388 1148 supernorum

289 1155 327 1186 In
351 1156 445 1187 terris
470 1155 561 1188 homo
587 1157 741 1195 coelestis,
967 1156 1067 1188 Lucet
1091 1155 1122 1187 in
1147 1156 1241 1188 turba
1265 1156 1389 1198 civium,

290 1201 365 1234 Vita
388 1201 511 1242 fulgens
536 1203 689 1243 angelica,
967 1204 1005 1235 In
1029 1202 1166 1235 thalamo
1195 1203 1342 1236 aethereo

288 1250 416 1281 Intrans
438 1249 472 1281 in
496 1258 595 1290 regna
619 1251 744 1283 coelica.
966 1248 1139 1291 Refulgens
1163 1250 1254 1282 vultu
1275 1251 1452 1290 praeclaro.

232 1307 264 1338 2.
289 1306 491 1346 Benedictus,
514 1306 637 1345 justitia
910 1309 941 1341 5.
967 1307 1151 1345 Benedicte‚
1177 1306 1237 1338 hoc
1260 1307 1406 1349 implora,

290 1355 395 1393 Atque
419 1353 638 1385 misericordia
966 1353 1012 1386 Ut
1035 1363 1092 1385 nos
1119 1353 1263 1386 Christus
1287 1355 1321 1386 iu
1344 1354 1405 1386 hac
1428 1355 1507 1387 hora

293 1399 470 1433 Conformis
493 1400 547 1432 hic
569 1399 743 1440 perfectius
968 1400 1077 1433 Salvet
1101 1404 1133 1432 et
1156 1410 1213 1433 nos
1238 1402 1328 1434 vultu
1352 1410 1408 1433 suo

288 1447 396 1480 Beatis
426 1446 666 1480 confessoribus.
968 1447 1134 1480 Laetificet
1155 1451 1320 1488 perpetuo.

235 1506 266 1537 3.
290 1504 480 1536 Benedictus
510 1504 694 1536 munditiam
911 1507 941 1538 6.
968 1505 1149 1547 Benedicte‚
1178 1505 1241 1536 dux
1265 1504 1383 1545 inclite,

290 1552 420 1584 Habens
444 1559 503 1590 per
527 1553 777 1593 temperantiam,
968 1552 1095 1584 Laudes
1120 1561 1208 1584 sume
1231 1555 1359 1584 nostrae
1380 1561 1502 1595 prosae,

290 1599 363 1631 Jam
386 1598 420 1629 in
444 1601 532 1630 coetu
558 1598 697 1638 virgineo
969 1599 1035 1631 Nos
1059 1599 1241 1631 invocantes
1266 1599 1398 1643 respice,

295 1645 389 1677 Felix
414 1650 462 1678 est
486 1645 552 1685 ejus
577 1645 706 1679 mansio.
970 1646 994 1678 Ο
1019 1649 1152 1686 patrone
1176 1646 1320 1686 gloriose.

570 1703 601 1736 7.
627 1702 819 1735 Benedictus
844 1703 886 1735 sis
911 1703 945 1734 in
968 1703 1052 1742 polo,

627 1750 687 1790 Qui
711 1750 801 1782 sedes
825 1750 857 1781 in
881 1758 1000 1781 summo
1025 1749 1148 1792 throno,

627 1796 700 1829 Tibi
725 1797 767 1829 sit
790 1798 858 1831 laus
883 1806 921 1829 ac
944 1797 1045 1838 gloria

627 1846 667 1877 In
691 1846 884 1884 sempiterna
907 1845 1042 1877 saecula.

311 1908 380 1937 Cod.
400 1909 653 1945 Guelfenbyteran.
671 1907 721 1945 (ol.
741 1909 921 1945 Cistercien.)
939 1910 979 1938 H.
1001 1907 1082 1938 1163.
1100 1918 1177 1938 saec.
1200 1909 1244 1939 15.
1264 1919 1308 1938 ex.

652 2029 719 2059 222.
748 2030 792 2061 De
810 2031 917 2061 sancto
937 2030 1111 2062 Benedicto.

773 2095 822 2126 Ad
840 2096 995 2134 Vesperas.

241 2166 270 2198 1.
297 2160 489 2197 Benedictus
512 2164 546 2195 in
571 2165 706 2196 Domino
918 2167 950 2197 2.
975 2162 1003 2198 E
1028 2165 1146 2198 Nursia
1169 2168 1353 2208 progenitus

298 2212 449 2252 Migravit
471 2212 561 2242 vultu
580 2219 691 2243 sereno
975 2212 1077 2245 Olaris
1103 2216 1151 2245 est
1175 2223 1213 2245 ex
1237 2216 1434 2256 parentibus,

297 2259 350 2290 Ad
374 2260 406 2289 te
427 2259 491 2298 Jam
517 2258 691 2298 gloriosior,
973 2259 1083 2302 Proles
1109 2260 1269 2301 perfectae
1295 2263 1410 2296 indolis

298 2305 415 2348 Jesu‚
443 2313 597 2338 corona
621 2305 791 2341 celsior.
973 2307 1052 2339 Par
1076 2306 1131 2340 fit
1154 2313 1538 2345 sanctorummeri-

1307 2359 1376 2394 tis,
