1653 2637
745 154 782 160 -—
835 134 990 170 269-

478 233 509 265 5.
535 233 691 273 Martyris
717 233 810 274 hujus
834 231 984 273 precibus
1009 234 1154 273 placatus

538 281 644 322 Terge
664 281 732 321 J'am
756 284 893 324 nostras,
919 280 1006 312 Deus
1030 281 1122 318 alme,
1150 281 1260 321 culpas

539 328 671 369 Nosque
696 330 854 361 coelorum
879 328 1027 361 habitare
1050 336 1180 368 regnum

587 377 703 408 Redde
728 385 786 416 per
811 385 933 409 aevum.

481 433 513 465 6.
539 433 625 465 Laus
649 434 735 472 patri
761 436 871 465 sancto
896 436 1086 473 maneatque
1109 436 1197 471 nato,

543 480 620 512 Cum
646 481 759 520 quibus
784 484 913 513 sanctus
937 481 1020 521 regit
1044 489 1136 513 omne
1159 479 1263 520 flatus,

543 528 702 567 Quidquid
729 529 763 560 in
788 530 875 560 terra
898 528 985 568 viget
1008 532 1103 569 atque
1128 537 1235 570 supra,

590 575 725 607 Saecula
751 579 874 610 cuncta.

294 640 378 667 Brev.
407 648 460 667 ms.
480 639 733 676 WVisensteigense
764 648 839 668 saec.
862 639 905 668 15.
948 641 1018 668 Cod.
1038 640 1219 676 Maihingen.
1241 640 1272 666 Π
1295 637 1309 666 1
1329 638 1392 667 Fol.
1413 635 1477 665 178.
1496 652 1534 658 „-

218 674 243 712 6,
265 674 283 703 2
305 677 384 704 omni
405 678 484 704 flatu.

655 768 722 799 476.
753 769 797 800 De
817 770 926 801 saneto
946 768 1115 800 Stanislao.

217 839 248 871 1.
278 837 400 880 Gaude,
426 840 529 871 mater
553 839 698 878 ecclesia,
907 841 938 872 3.
966 841 1070 871 Aures
1099 839 1205 870 surdis
1230 838 1391 876 reserasti,

278 886 401 928 Gaude,
428 885 507 918 felix
533 885 696 926 Gracovia,
967 886 1097 918 Claudis
1122 894 1263 926 gressum
1289 886 1457 925 reparasti,

281 933 434 966 Stanislai
460 933 575 965 eximia
969 933 1086 966 Caecos
1111 934 1183 964 luce
1206 933 1409 973 perlustrasti

278 981 452 1015 celebrans
477 981 640 1013 solemnia.
967 981 1088 1013 Divina
1111 980 1288 1012 clementia.

219 1040 251 1071 2.
278 1039 317 1071 In
341 1038 403 1069 hac
427 1039 493 1070 vita
518 1038 573 1078 qui
598 1039 672 1070 dum
698 1038 787 1079 vixit,
908 1039 941 1071 4.
967 1038 1065 1070 Trino
1091 1037 1158 1069 Deo
1184 1040 1217 1068 et
1240 1035 1379 1076 simplici

278 1086 402 1117 Functo
421 1086 487 1125 jam
513 1084 647 1117 foetenti
673 1085 772 1118 dixit:
969 1085 1064 1125 Laus,
1090 1084 1201 1124 honor,
1228 1084 1338 1125 virtus,
1364 1083 1476 1123 gioria,

278 1134 381 1172 Surge
405 1132 518 1172 frater,
545 1135 578 1164 et
601 1133 720 1164 revixit
969 1131 1028 1170 Qui
1052 1140 1109 1164 nos
1134 1139 1231 1171 prece
1256 1130 1408 1163 Stanislai

279 1180 365 1212 Huic
386 1180 420 1211 in
443 1180 667 1212 testimonium.
970 1179 1073 1211 Ducat
1099 1181 1139 1211 ad
1167 1179 1326 1212 coelestia.

293 1248 377 1274 Brev.
399 1255 451 1273 ms.
474 1246 657 1274 Benedictin.
679 1245 848 1274 Craoovien.
864 1247 899 1280 (5³)
918 1246 986 1272 anni
1011 1242 1092 1273 1406.
1124 1244 1193 1272 Ood.
1215 1244 1381 1272 Berolinen.
1394 1244 1453 1270 IV<
1477 1240 1539 1270 149.

215 1283 375 1321 (Scriptum
396 1293 449 1320 per
467 1284 630 1318 Albertum,
651 1283 745 1311 filium
769 1284 995 1317 Bartholomaei,
1017 1283 1139 1311 natione
1159 1283 1196 1310 de
1216 1281 1345 1316 Srroda.)

657 1403 723 1434 477.
754 1404 798 1435 De
818 1404 924 1435 saneto
946 1403 1113 1443 Stephano.

466 1476 497 1508 1.
525 1474 661 1515 Christe,
688 1476 869 1506 sanctorum
896 1475 993 1507 decus
1018 1476 1114 1514 atque
1140 1473 1250 1514 virtuS,

527 1522 688 1562 Splendor
712 1521 836 1554 aeterni
860 1521 990 1554 radians
1015 1521 1169 1561 parentis,

525 1571 608 1603 Vota
633 1578 797 1602 servorum
824 1570 949 1602 veniam
973 1571 1161 1609 precantum

573 1617 707 1657 Suscipe
737 1618 885 1650 clemens.

469 1678 500 1708 2.
526 1675 622 1715 Ecce,
649 1674 806 1706 solemnes
832 1682 1016 1706 resonemus
1040 1681 1147 1705 omnes

530 1721 711 1755 Carminum
738 1722 850 1754 laudes
876 1721 1032 1760 Stephani
1058 1720 1197 1752 colentes

526 1769 633 1807 Festa,
661 1769 714 1808 qui
741 1768 859 1801 celsum
884 1769 1001 1800 meruit
1026 1769 1171 1807 polorum

579 1817 742 1849 Scandere
766 1824 908 1856 regnum.

471 1878 502 1910 3.
528 1875 615 1907 Aula
638 1883 699 1913 quo
726 1873 805 1906 coeli
826 1874 933 1913 patuit
956 1873 1081 1915 secreti⁷

527 1922 673 1955 Christus
699 1931 719 1953 a
745 1922 866 1954 dextris
892 1920 1044 1962 genitoris
1068 1919 1199 1952 adstans

528 1971 663 2011 Hocque
685 1970 835 2002 hostilem
859 1969 1003 2009 patiente
1027 1967 1152 2007 plebem

574 2018 682 2051 Milite
706 2018 795 2050 vicit.

467 2079 501 2111 4.
528 2076 632 2116 Hujus
657 2077 695 2106 ut
717 2076 859 2107 nostram
885 2072 1034 2114 precibus
1059 2072 1185 2104 beatam

531 2124 671 2157 Coelitus
698 2123 797 2156 vitam
822 2120 933 2164 facias,
959 2129 1138 2161 precamur,

530 2172 675 2212 Perpetis
707 2170 796 2212 regni
821 2169 992 2202 tribuendo
1017 2176 1145 2207 semper

581 2219 708 2253 Gaudia
733 2218 838 2252 nobis.

470 2282 502 2314 5.
528 2279 615 2311 Arce
640 2286 699 2317 quo
727 2276 808 2309 coeli
832 2284 1011 2308 mereamur
1036 2282 1144 2307 onmes

527 2327 625 2360 Alma
649 2328 832 2358 sanctorum
855 2323 1003 2355 habitare
1028 2322 1148 2361 templa

529 2376 621 2408 Intra
645 2375 806 2406 sacratum
830 2379 996 2404 numerum
1020 2371 1145 2410 piorum

579 2422 679 2456 Omne
703 2431 763 2463 per
785 2429 910 2453 aevum.
