1653 2637
715 139 947 174 ..37-

182 235 212 266 5.
237 233 287 264 Tu
313 233 407 275 enim,
435 234 514 266 coeli
539 235 649 279 gloria,
866 238 897 270 6.
925 236 1020 276 Cujus
1047 237 1133 268 cultu
1158 236 1328 268 memoriae

242 280 313 313 Lux
338 281 435 313 beata
459 281 666 323 credentium,
923 283 1022 315 Dirae
1047 283 1156 316 mortis
1183 283 1339 324 supplicio

237 328 479 368 Redemptionis
504 330 619 371 hostia,
924 331 991 363 Nos
1019 332 1057 363 de
1081 332 1153 363 lacu
1177 331 1325 363 miseriae

238 376 377 408 'suarum
403 380 513 416 pastus
538 379 653 413 ovium.
923 379 1024 418 Educ,
1051 379 1105 419 qui
1131 380 1264 411 clamas:
1293 379 1374 410 sitio.

515 436 545 467 7.
573 436 715 476 Praesta,
742 439 843 479 pater,
868 445 925 476 per
949 435 1058 476 filium,

578 484 711 516 Praesta
736 493 793 525 per
819 484 937 516 almum
961 484 1120 524 spiritum,

579 531 698 569 Quibus
723 532 779 564 das
804 532 864 564 hoc
890 532 1038 571 edulium,

577 578 719 610 Felicem
746 580 843 611 dones
870 580 997 612 exitum.

254 661 340 689 Noct.
370 670 422 689 ms.
452 662 646 690 Cistereiense
672 671 747 690 saec.
778 662 820 691 15.
863 663 931 691 cod.
958 664 1121 691 Londinen.
1148 662 1229 689 Harl.
1257 660 1340 690 2880.
1367 676 1402 680 —
1429 662 1490 689 Das

178 700 300 727 Brevier
316 702 434 727 starnmt
447 701 704 736 augenseheinlich
718 709 771 728 aus
786 702 881 729 einem
894 702 1165 729 niederlfindischeu
1182 700 1491 728 Cistercicnserinnen-

177 737 265 770 stiste,
287 739 343 765 wie
364 738 412 765 die
430 738 628 775 Eintragung:
651 739 822 767 domicellae
842 740 996 767 Elisabeth
1017 740 1053 767 de
1074 738 1210 771 BemmeL
1232 739 1362 775 bezeugt.

571 868 618 900 54.
651 868 688 900 In
707 869 796 900 Festo
817 868 960 909 Corporis
975 868 1097 900 Christi.

741 945 789 974 Ad
809 945 936 975 Laudes.

183 1023 213 1056 1.
241 1023 265 1055 Ο
292 1032 367 1055 vere
391 1027 505 1063 potens
531 1024 668 1064 victima⁷
867 1026 898 1057 3.
925 1024 1041 1056 Tradis
1065 1024 1098 1055 in
1124 1025 1233 1063 potum
1258 1024 1441 1063 sanguinem

244 1070 508 1102 Holocaustorum
534 1072 654 1111 optima
925 1071 1012 1103 Bene
1034 1080 1208 1111 procurans
1233 1071 1389 1102 hominem

241 1117 424 1158 Cunctaque
448 1117 606 1151 sacrificia
928 1119 989 1150 Hic
1012 1119 1046 1150 in
1070 1118 1231 1158 praesenti
1256 1118 1368 1158 gratia,

240 1166 412 1197 Perficiens
437 1166 563 1206 legalia.
928 1167 973 1200 Ut
998 1167 1085 1200 vivat
1108 1168 1182 1206 post
1205 1166 1239 1197 in
1263 1166 1374 1205 gloria.

184 1223 213 1254 2.
241 1221 312 1253 Non
339 1231 453 1262 agnum
478 1231 581 1262 neque
606 1223 740 1255 vitulum
870 1226 901 1255 4.
930 1223 971 1255 Os
997 1223 1099 1263 tangis
1125 1222 1206 1262 signi
1230 1223 1346 1262 specie,

241 1269 342 1301 Nobis
368 1269 461 1301 offers
486 1270 519 1301 in
545 1269 705 1311 pabulum,
930 1270 991 1303 Gor
1017 1270 1119 1310 tangis
1146 1270 1191 1300 rei
1214 1271 1305 1309 serie,

240 1317 341 1349 Immo
367 1317 611 1349 subcinericium
929 1318 1037 1350 Pascis
1062 1317 1153 1357 panis
1177 1317 1209 1348 in
1234 1318 1353 1352 nubilo.

238 1364 305 1396 Das
331 1373 455 1404 panem,
485 1373 599 1404 corpus
624 1365 788 1405 proprium
928 1365 1043 1397 Pascas
1068 1366 1100 1396 in
1126 1364 1173 1395 rei
1195 1365 1297 1403 ,iubilo

582 1423 611 1455 5.
636 1422 747 1454 Honor
773 1425 804 1453 et
828 1423 896 1454 laus
921 1422 1061 1462 ingenito

637 1469 726 1501 Patri
751 1473 782 1500 et
805 1470 964 1510 unigenito

637 1517 715 1550 Cum
740 1517 855 1556 spiritu
880 1517 1036 1557 paraclito

638 1566 698 1597 Pro
724 1570 921 1596 sacramento
946 1565 1075 1597 tradito.

258 1650 343 1676 Brev.
364 1658 417 1676 ms.
439 1648 597 1684 Speciosae
610 1649 706 1677 Vallis
727 1657 801 1676 saec.
825 1647 868 1677 14.
910 1649 978 1677 Cod.
1000 1650 1202 1685 Stuttgartien.
1224 1649 1287 1676 IIB.
1308 1649 1323 1677 Ι
1344 1649 1409 1676 Asc.
1433 1648 1494 1677 150.

542 1780 588 1812 55.
620 1779 655 1811 In
676 1780 763 1811 Festo
785 1780 829 1811 De
847 1779 987 1820 Corporis
1011 1780 1133 1812 Christi.

683 1857 731 1887 Ad
751 1857 988 1894 Completorium.

184 1941 211 1973 1.
240 1940 292 1972 Ad
320 1948 448 1971 coenam
475 1938 634 1978 paschalis
661 1938 743 1979 agni,
876 1939 906 1971 3.
936 1938 959 1970 O
984 1947 1059 1969 vere
1086 1938 1181 1978 digna
1204 1937 1316 1980 hostia,

244 1988 303 2027 Qui
327 1987 360 2019 in
384 1996 494 2019 mensa
517 1988 602 2027 regis
627 1986 733 2027 magni
930 1987 1016 2026 Quae
1040 1987 1158 2027 spolias
1185 1986 1359 2028 daemonia,

243 2035 374 2068 Cibatur
399 2045 418 2067 a
439 2034 599 2076 fidelibus,
932 2034 1074 2074 Captivis
1102 2035 1158 2066 das
1182 2033 1324 2065 remedia

242 2083 368 2116 Christo
392 2084 435 2115 sit
459 2084 528 2115 laus
555 2082 594 2114 ab
621 2082 775 2116 omnibus.
931 2082 1020 2114 Vitae
1045 2081 1240 2122 praestando
1265 2082 1418 2122 praemia.

184 2145 216 2175 ’.Κ
244 2141 340 2181 Cujus
367 2150 480 2181 corpus
508 2140 610 2172 crucis
634 2150 690 2173 ara
869 2142 902 2173 4.
929 2139 1040 2172 Gloria
1063 2140 1132 2182 tibi,
1160 2138 1305 2181 Domine,

242 2188 349 2221 Morte
374 2190 423 2220 sui
450 2189 523 2221 dum
549 2198 667 2229 amara,
926 2187 987 2227 Qui
1011 2192 1103 2221 natus
1130 2196 1162 2218 es
1190 2188 1230 2219 de
1254 2187 1388 2230 virgine,

242 2237 361 2270 Cruore
386 2237 453 2277 ejus
480 2245 569 2269 roseo
929 2236 1006 2268 Cum
1030 2240 1124 2277 patre
1149 2238 1181 2267 et
1205 2239 1314 2268 sancto
1340 2234 1466 2268 flamine

239 2285 404 2318 Gustando
429 2285 565 2317 vivimus
592 2284 670 2318 Deo.
928 2284 1022 2316 Nunc
1047 2287 1080 2316 et
1103 2292 1229 2323 semper
1254 2285 1323 2316 sine
1346 2283 1419 2318 fine.

259 2363 350 2391 Psalt.
372 2365 401 2390 et
419 2363 529 2398 Hymn.
550 2371 602 2390 ms.
615 2363 644 2390 S.
661 2362 817 2390 Laurentii
830 2361 1019 2389 Lausannen.
1042 2371 1117 2390 suec.
1141 2359 1184 2389 13.
1220 2360 1290 2389 Cod.
1305 2361 1491 2388 Lausauuen.

179 2402 204 2428 V
234 2399 315 2429 1184.
336 2402 371 2429 A.
398 2417 437 2421 —-
457 2400 531 2430 offic
569 2410 622 2428 ms.
644 2400 735 2429 isMV.
759 2409 835 2428 saec.
860 2399 903 2427 15.
945 2401 1014 2428 Cod.
1036 2401 1065 2428 ιδ’.
1087 2400 1204 2429 Nicolai
1226 2400 1396 2436 Friburgen.
1420 2408 1443 2426 s,
1464 2407 1492 2425 n.

180 2442 213 2468 Β.
235 2457 272 2460 -
295 2441 380 2468 Brev.
400 2440 613 2468 Lausannense
633 2440 702 2475 imp.
727 2437 808 2466 1509.
831 2438 861 2467 O.
885 2454 919 2458 ——
940 2439 1014 2467 Mel:
1037 2441 1062 2467 Α
1084 2439 1155 2467 solis
1178 2442 1258 2466 ortus
1281 2439 1400 2467 cardine
1419 2440 1453 2467 A.
