1653 2637
705 159 966 194 —227-

644 272 712 305 398.
735 273 777 304 De
798 273 906 304 sancto
927 271 1028 303 Lucio.

705 340 754 370 Ad
773 340 966 370 Nocturnum.

178 407 208 440 1.
234 407 289 439 Ad
314 408 442 440 laudem
466 407 585 440 Christi
609 409 739 441 Domini
866 410 896 443 3.
923 408 1115 448 Triumphat
1138 417 1197 449 per
1221 408 1410 448 martyrium

234 454 369 487 Sanctus
394 456 544 488 laudetur
568 456 697 497 Lucius,
926 455 1046 488 Christi
1070 454 1164 488 fortis
1189 457 1222 488 in
1248 456 1326 496 acie,

234 503 294 542 Qui
319 511 385 535 rem
413 502 590 535 conformat
616 504 735 536 nomini
924 504 968 535 Et
994 504 1226 544 contemplatur
1247 503 1416 536 Dominum

236 550 343 582 Gestis
370 553 402 582 et
428 551 523 583 dictis
545 551 682 585 lucidus.
924 550 995 583 Jam
1020 551 1163 583 revelata
1188 550 1279 583 facie.

177 609 209 640 2.
235 607 338 639 Lucet
362 608 481 651 verbis,
506 608 680 650 miraculis,
866 610 897 641 4.
924 607 1011 648 Jesu‚
1046 608 1139 640 dulce
1162 607 1329 650 refugium,

236 655 354 687 Christi
380 664 515 696 sequens
538 656 675 696 vestigia
924 655 1004 695 Spes
1029 657 1148 694 nostra,
1176 658 1208 687 te
1232 656 1431 687 laudantium

234 703 408 734 Tormenta
429 702 494 734 fert
517 703 699 743 tyrannidis
925 703 972 736 Ob
998 703 1079 734 tanti
1102 704 1204 742 patris
1230 703 1377 735 meritum

235 750 314 783 Cum
340 750 425 782 omni
449 750 616 790 patientia.
923 750 1053 781 Peccati
1078 750 1166 783 solve
1190 751 1342 785 debitum.

602 808 633 839 5.
659 806 724 839 Uni
748 806 819 838 Deo
846 806 889 837 sit
912 806 1023 846 gloria.

249 873 336 900 Brcv.
363 872 524 900 Othinense
557 873 627 907 imp.
653 872 791 899 Lubccae
819 868 902 898 1497.
930 871 963 898 A.
996 885 1031 889 —-
1065 871 1141 899 ssrev
1174 873 1388 900 Roschildcnse
1422 875 1491 909 imp.

174 911 301 939 Parisiis
328 909 411 938 1517.
437 911 470 937 B.
496 926 533 930 —
559 911 644 938 Brev.
670 909 871 937 Aarhusiense
897 910 966 945 imp.
987 909 1152 938 Aarhusiae
1180 909 1262 938 1519.
1288 910 1317 938 C.
1349 925 1386 930 —
1415 910 1443 944 1,
1473 910 1493 939 4

172 949 259 977 dictis
279 949 390 977 vividis
410 949 446 976 A.
471 962 507 967 —
528 946 555 982 3,
580 945 598 976 3
619 948 832 984 contemplator
850 947 886 974 A.

635 1067 702 1098 399.
733 1067 776 1097 De
798 1067 906 1097 sancto
928 1065 1029 1097 Lucio.

737 1133 784 1163 Ad
803 1133 932 1165 Laudes.

174 1207 204 1239 1.
233 1206 371 1246 Magnae
400 1205 469 1237 dies
494 1205 647 1240 lactitiae.
864 1206 894 1237 3.
920 1204 1011 1236 Mors
1038 1206 1180 1243 corporis
1207 1206 1427 1245 contemnitur,

230 1255 297 1294 Quo
323 1255 416 1293 pater
440 1256 549 1284 noster
573 1252 691 1284 Lucius
921 1253 1006 1285 Dum
1033 1251 1150 1283 Christi
1174 1262 1259 1284 mors
1284 1253 1472 1296 attenditur,

231 1302 284 1333 Ad
311 1301 460 1333 thronum
487 1300 567 1332 coeli
592 1300 713 1340 gloriae
922 1299 1030 1331 Vincit
1055 1308 1140 1340 ergo,
1168 1301 1242 1332 dum
1267 1301 1415 1334 vincitur.

230 1348 360 1389 Martyr
384 1348 531 1388 pervenit
555 1348 695 1379 inclitus.
921 1346 1026 1387 Magis
1052 1347 1141 1389 vivit,
1170 1348 1244 1379 dum
1269 1348 1414 1381 moritur.

171 1408 202 1439 2.
231 1406 367 1439 Carnem
393 1404 510 1437 afflixit
532 1405 652 1445 jugiter
863 1407 895 1438 4.
923 1403 1119 1437 Occumbens
1147 1405 1226 1436 enim
1253 1405 1351 1437 hodie

232 1454 270 1485 In
295 1454 406 1487 labore
430 1453 611 1493 multiplici,
923 1451 1000 1484 Cum
1023 1459 1098 1491 rege
1122 1452 1203 1484 vivit
1227 1453 1357 1493 gloriae,

230 1501 293 1533 Pro
319 1500 384 1533 fide
409 1503 472 1532 stat
496 1500 635 1532 viriliter
921 1499 1018 1538 Cujus
1041 1507 1210 1538 precamur
1232 1500 1382 1539 precibus

229 1549 381 1589 Pugnans
412 1548 509 1580 corde
534 1557 596 1579 non
621 1548 752 1587 duplici.
920 1546 987 1578 Nos
1014 1546 1095 1577 coeli
1116 1548 1215 1588 junge
1240 1548 1372 1581 civibus.

573 1606 604 1638 5.
632 1606 721 1646 Jesu‚
750 1605 843 1637 dulce
867 1603 1034 1644 refugium.

245 1673 331 1700 BreV.
362 1672 524 1700 Othincnse
553 1672 622 1707 imp.
650 1671 788 1699 Lubecae
821 1668 903 1698 1497.
929 1669 964 1696 A.
995 1683 1032 1687 —
1062 1669 1147 1697 Brev.
1175 1670 1389 1698 Roschildense
1418 1672 1489 1706 imp.

167 1711 294 1738 Parisiis
317 1708 400 1738 1517.
419 1710 453 1737 Β.
476 1725 510 1729 --
537 1709 623 1737 Brev.
646 1710 846 1737 Aarhusiense
865 1710 934 1743 imp.
955 1707 1120 1735 Aarhusiae
1142 1706 1225 1736 1519.
1247 1709 1278 1736 C.

609 1830 681 1861 400.
711 1830 755 1861 De
776 1830 884 1861 sancto
906 1828 1061 1869 Ludgero.

462 1902 490 1935 1.
517 1901 579 1942 En,
608 1901 676 1933 dies
700 1910 782 1933 anno
806 1903 928 1932 remeat
951 1902 1094 1941 peracto,

519 1950 585 1989 Quo
611 1957 703 1981 sacer
724 1949 837 1981 summi
862 1948 991 1981 Domini
1016 1948 1166 1980 sacerdos

523 1998 628 2038 Digna
652 1996 812 2038 Lutgerus
841 1996 966 2037 proprii
990 1995 1110 2028 laboris

567 2045 716 2079 Praemia
740 2045 889 2085 sumpsit.

457 2106 489 2138 2.
517 2103 580 2136 Hic
606 2103 690 2135 enim
717 2102 799 2134 dono
824 2102 940 2134 meruit
965 2110 1104 2141 superno

515 2151 628 2184 Emori
655 2150 769 2191 culpis⁷
796 2150 933 2182 Domino
959 2149 1084 2182 renasci

516 2201 623 2240 Atque
656 2199 817 2231 coelorum
839 2201 1011 2239 penetrare
1037 2197 1161 2230 culmen

565 2248 671 2282 Carne
696 2247 819 2279 relicta.

457 2308 489 2340 3.
517 2306 542 2339 O
568 2306 655 2346 piam
682 2304 810 2337 Christo
835 2304 1001 2336 revelante
1024 2306 1170 2343 mortem,

516 2354 541 2387 Ο
568 2353 770 2386 sacerdotem
795 2351 927 2383 nimium
952 2351 1091 2391 beatum,

517 2401 614 2441 Cujus
636 2400 780 2432 excrevit
806 2399 903 2431 decus
928 2401 1024 2439 atque
1049 2399 1150 2432 virtus

565 2449 703 2481 Munere
727 2447 796 2481 leti.

1260 2501 1318 2531 15*
