1653 2637
695 103 952 138 *196-

437 203 467 235 3.
494 201 683 242 Spretisque
707 200 826 240 nuptiis
852 200 942 232 ducis
966 200 1181 240 Burgundiae,

495 250 620 282 Vacans
642 249 773 289 jejuniis
799 251 831 280 et
854 247 1067 289 parsimoniae

494 297 596 330 Abdit
622 305 657 329 se
681 297 810 338 LaetiiS,
838 295 967 337 grandis
990 295 1133 329 laetitiae

542 344 644 378 Causa
668 343 777 376 futura
800 344 948 384 posteris.

437 403 469 435 4.
496 401 568 434 Jam
593 402 701 442 sponsi
726 401 839 433 sedula
864 400 958 432 castis
983 399 1183 440 amplexibus

501 448 631 482 Confert
656 450 696 481 ad
723 449 829 481 oscula
853 457 888 480 se
913 448 995 479 votis
1021 447 1174 486 omnibus,

496 497 543 530 Ut
566 496 644 529 fumi
670 497 795 537 virgula
822 505 862 528 ex
885 495 1082 528 aromatibus

544 545 679 578 Odorem
711 544 813 584 spirat
836 543 969 583 superis

439 604 469 634 5.
493 602 524 633 A
555 601 663 634 mundi
691 601 776 633 vitiis
801 600 956 632 mundans
982 608 1039 633 nos
1065 600 1159 640 expia

497 649 689 690 Patremque
712 648 798 687 filiis,
823 651 936 691 mater,
962 648 1109 689 eoncilia,

494 696 539 728 Et
562 698 667 728 tecum
691 695 815 737 gaudiis
838 696 872 728 in
899 696 979 728 coeli
1003 696 1092 727 ouria

543 743 609 776 Nos
631 744 745 784 Jungat
768 751 845 775 vera
869 744 996 776 caritas,

439 802 470 834 6.
496 801 587 833 Patri
612 804 641 832 ot
665 799 733 832 filio
758 803 931 839 sanctoque
953 798 1076 832 flamini

496 848 617 880 Psallat
641 847 720 879 haee
745 848 853 881 concio
879 847 994 879 devota
1018 847 1143 888 virgini,

500 896 595 935 Cujus
619 895 781 935 praesidio
805 904 862 926 nos
888 895 971 926 trino
997 895 1118 926 numini

544 944 697 982 Apponat
720 952 784 973 una
807 942 945 975 trinitas..

251 1007 432 1043 Wonderlyk
445 1008 546 1035 Leven
565 1015 623 1034 van
644 1006 678 1033 cle
698 1007 726 1034 h.
740 1006 860 1042 Maghet
874 1006 1029 1034 Hiltrudis.
1049 1007 1107 1034 Tot
1118 1007 1221 1034 Lot-en
1244 1004 1325 1034 1770.
1346 1015 1374 1042 p.
1388 1003 1434 1034 38.
1449 1022 1487 1026 -

177 1046 238 1073 Der
258 1045 392 1080 Hymnus
414 1046 559 1073 erseheint
578 1045 622 1071 als
644 1046 691 1071 ein
712 1045 794 1079 alter,
816 1043 943 1073 weshalb
965 1053 996 1071 er
1015 1045 1080 1072 hier
1099 1046 1257 1081 mitgeteilt
1279 1046 1325 1072 ist.

544 1136 611 1168 333.
648 1135 682 1168 In
704 1135 891 1167 Elevatione
911 1144 933 1167 s.
955 1135 1116 1167 Hiltrndis.

699 1203 748 1233 Ad
766 1203 958 1233 Nocturnum.

178 1275 209 1308 1,
237 1273 422 1306 Sanctarum
453 1277 573 1305 mentes
597 1274 754 1314 virginum
862 1275 893 1306 4.
923 1273 1064 1305 Vivendo
1089 1273 1233 1305 solitarie

237 1320 416 1361 Contortas,
443 1323 553 1352 auetor
578 1321 741 1358 luminum,
919 1320 1063 1353 Meretur
1088 1329 1218 1361 regnum
1245 1321 1376 1360 gloriae,

240 1368 370 1407 Sibique
393 1368 503 1400 reddit
526 1368 679 1407 placitum
922 1368 1026 1400 Vitam
1052 1368 1202 1400 claudens
1227 1367 1366 1399 feliciter

238 1417 373 1447 Sanctae
398 1415 559 1447 Hiltrudis
583 1415 742 1447 meritum.
921 1415 996 1447 Vita
1020 1416 1098 1448 vivit
1122 1415 1317 1455 perenniter.

179 1474 210 1505 2.
236 1473 332 1513 Quae,
362 1480 403 1502 ne
429 1472 504 1510 quid
529 1474 604 1513 agat
625 1475 755 1511 temere,
864 1475 893 1505 5.
921 1472 1007 1504 Dens
1034 1471 1125 1504 donis
1147 1472 1328 1504 interminis

240 1519 365 1551 Christo
395 1519 534 1557 disponit
558 1519 688 1555 nubere,
920 1519 1058 1551 Donavit
1083 1519 1181 1551 fidem
1206 1520 1348 1560 virginis,

238 1567 417 1598 Praeventa
442 1565 559 1598 Christi
584 1566 686 1606 gratia
922 1566 1017 1605 Cujus
1043 1574 1124 1605 quae
1148 1568 1214 1598 sint
1237 1567 1383 1607 insignia,

239 1613 405 1645 Mundana
429 1611 511 1653 fugit
535 1614 661 1653 gaudia.
921 1613 1020 1653 Signa
1045 1612 1152 1645 tantur
1178 1615 1353 1653 sequentia.

183 1672 213 1704 3.
240 1670 358 1701 Prooos
383 1670 516 1708 spernit,
540 1670 690 1702 lasciviae
864 1672 893 1703 6.
921 1671 957 1702 In
983 1670 1083 1710 ipsius
1108 1671 1263 1704 memoria

239 1717 312 1749 Non
339 1717 432 1757 cedit,
458 1717 670 1756 parsimoniae
923 1717 971 1750 Sit
996 1718 1133 1750 trinitati
1158 1717 1270 1759 gloria,

238 1764 350 1796 Studet
377 1764 497 1796 Christi
523 1764 689 1807 disoipula,
926 1766 1023 1807 Patri,
1049 1768 1137 1805 nato,
1162 1766 1331 1805 paraelito,

238 1813 335 1845 Brevi
361 1813 485 1844 reclusa
510 1812 633 1846 cellula.
923 1812 1059 1845 Divinae
1085 1814 1219 1845 dextrae
1244 1813 1354 1854 digito.

254 1877 437 1912 Wondm·lyk
457 1878 557 1905 Leven
576 1885 634 1905 van
654 1877 689 1905 de
709 1878 736 1905 h.
757 1878 879 1914 Maghet
897 1878 1054 1906 Hiltrudis.
1075 1879 1133 1906 Tot
1149 1879 1253 1906 Loven
1275 1877 1356 1907 1770.
1377 1890 1406 1917 p.
1420 1878 1467 1909 39.

598 1968 667 2001 334.
697 1970 741 2001 De
761 1970 868 2001 sancto
888 1969 1063 2010 Hippolyto.

181 2042 210 2073 1.
240 2039 361 2072 Chorus
385 2049 486 2073 novae
511 2040 687 2073 Jerusalem
865 2043 895 2074 3.
923 2040 986 2072 Sed
1012 2043 1202 2080 tempestate
1227 2043 1360 2082 praevia

237 2088 367 2119 Promat
395 2087 555 2120 Christum
579 2087 773 2120 laudabilem
924 2088 1051 2129 Caesus,
1079 2091 1200 2121 tractus
1224 2099 1284 2129 per
1308 2092 1410 2131 devia,

237 2135 301 2167 Pro
326 2134 476 2175 martyris
500 2135 652 2167 memoria
921 2135 1080 2168 Probatus
1104 2136 1319 2179 passionibus,

235 2182 467 2222 Hippolytique
491 2183 602 2222 gloria.
920 2182 1062 2215 Effectus
1088 2187 1211 2226 martyr
1234 2186 1374 2220 inclitus,

181 2241 211 2272 2.
239 2239 299 2278 Qui
325 2238 431 2271 divino
457 2238 604 2279 suffragio
862 2242 894 2274 4.
920 2240 1134 2284 Valerianum,
1160 2242 1296 2275 Decium

237 2287 378 2326 Ereptus
402 2295 421 2317 e
437 2286 604 2326 naufragio
921 2287 1061 2328 Sprevit,
1088 2298 1180 2322 omne
1204 2292 1398 2331 supplicium

239 2335 302 2367 Per
325 2334 483 2366 hortulum
511 2334 663 2366 ecclesiae
922 2335 1122 2378 Contempsit
1149 2342 1284 2378 propter
1308 2340 1490 2380 Dominum,

238 2383 291 2414 Ad
317 2383 442 2424 portum
470 2381 554 2414 venit
579 2381 706 2423 gloriae.
922 2383 981 2423 Qui
1006 2386 1053 2416 est
1079 2389 1110 2417 et
1133 2387 1219 2418 salus
1244 2388 1392 2423 omnium.
