1653 2637
704 117 963 154 —139—

645 232 715 264 232.
742 232 785 264 De
803 231 912 263 sancto
932 231 1035 263 Besso.

713 309 761 339 Ad
780 309 966 340 Matutinum.

187 386 218 419 1.
246 386 382 427 Christe,
408 387 549 420 salvator
571 388 741 431 hominum,
868 388 900 422 4.
926 387 1141 421 Periculorum
1165 387 1278 419 subitis

243 434 365 475 Perpes
389 443 507 467 corona
529 439 716 476 martyrum,
926 436 1065 468 Vocatus
1087 435 1122 467 in
1146 435 1299 475 angustiis

245 481 322 514 Tuis
348 480 453 514 faveto
478 481 605 515 famulis
928 483 1068 522 Adjutor
1092 485 1141 514 est
1165 483 1298 515 eximius

242 530 381 563 Precatu
404 530 487 562 tanti
509 531 672 572 martyris,
927 531 1055 563 Virtute
1079 530 1154 563 data
1179 531 1321 565 coelitus.

187 598 219 629 2.
244 596 307 639 En,
332 599 460 629 sanctus
485 597 644 629 mirabilia
872 600 903 631 5.
929 598 995 630 Nos
1021 606 1106 639 ergo,
1132 601 1255 638 martyr
1277 597 1396 639 inclite,

249 644 367 677 Bessus
391 646 534 684 patravit
555 645 702 689 plurima,
931 645 1055 678 Christo
1081 646 1266 678 commenda
1285 645 1404 687 jugiter

245 691 302 723 Pio
326 692 360 723 in
385 692 474 732 cujus
499 693 625 724 nomine
929 693 968 725 In
991 695 1045 724 tuo
1069 693 1213 725 natalitio

246 737 449 779 Languentes
474 739 614 779 gaudent
636 739 741 772 hodie.
930 740 990 780 Qui
1014 741 1210 781 gratulamur
1234 750 1347 774 annuo.

189 806 221 837 3.
246 804 380 837 Morbos
406 805 549 837 excludit
572 814 748 845 corporum,
872 808 903 840 6.
928 806 1009 846 Ejus
1032 810 1062 839 et
1087 807 1180 839 modo
1203 807 1351 839 laudibus

242 853 336 885 Vires
367 854 542 885 consternit
568 854 762 893 daemonum,
927 853 1055 886 Plebem
1082 854 1235 887 intentam
1261 856 1295 885 tu
1318 854 1389 895 pius

246 899 386 932 Salutem
411 903 577 940 praestans
600 901 724 933 miseris
928 902 1089 935 Conserva
1111 904 1232 942 pestem
1259 901 1418 942 dirimens,

248 947 421 980 Criminum
446 951 537 988 peste
561 949 687 981 sauciis.
928 949 1046 981 Salutis
1073 949 1156 983 dona
1181 948 1355 982 conferens.

548 1016 578 1048 ’7.
606 1014 724 1059 Virtus,
749 1016 849 1048 honor
874 1018 905 1048 et
928 1016 1030 1056 gloria

610 1063 738 1096 Summo
762 1064 805 1095 sit
827 1063 896 1104 regi
915 1063 1038 1103 sedula,

608 1109 668 1148 Qui
690 1115 867 1152 martyrum
891 1110 1025 1143 victoria

606 1158 719 1191 Manet
741 1167 801 1198 per
826 1162 939 1190 cuncta
961 1159 1098 1190 saecula.

262 1241 348 1269 Brev.
366 1250 421 1269 ms.
440 1241 678 1278 Hipporegiense
696 1244 767 1271 anni
788 1241 870 1271 1488.
910 1243 980 1272 God.
1000 1243 1095 1280 Capit.
1113 1244 1324 1281 Hipporeg-ien.
1343 1242 1370 1271 9.

644 1402 711 1433 233.
740 1402 784 1433 De
803 1403 911 1434 saneto
932 1402 1033 1434 Besso.

737 1480 787 1509 Ad
805 1479 933 1510 Laudes.

182 1558 213 1591 1.
239 1557 395 1598 Martyris
420 1558 513 1598 hujus
539 1567 643 1591 annua
866 1562 898 1594 4.
925 1559 1123 1600 Suffragatur
1148 1563 1180 1592 et
1204 1561 1337 1593 sarcinis

239 1607 437 1639 venerantes
460 1607 615 1639 solemnia
922 1608 1109 1640 Mortalium
1135 1609 1305 1649 corporeis,

239 1653 313 1685 Tibi
341 1654 472 1686 devotos
497 1653 599 1695 effice,
922 1655 1018 1687 Dulci
1042 1655 1181 1688 fomento
1206 1666 1354 1690 recreans

239 1701 429 1734 Sanctorum
454 1710 512 1733 rex
538 1702 700 1738 altissime,
922 1703 1083 1743 Benignus
1112 1707 1207 1745 atque
1229 1713 1392 1745 reparans,

183 1769 214 1801 2.
242 1767 503 1801 Christicolarum
527 1769 675 1809 precibus
865 1771 897 1804 5.
925 1771 1079 1803 Virtutem
1103 1773 1222 1803 tantam
1249 1773 1380 1804 coelitus

240 1815 340 1848 Adsis
365 1824 490 1857 quoque
513 1817 680 1858 propitius,
921 1817 963 1850 Ei
989 1818 1136 1850 collatam
1160 1819 1318 1852 credimus

237 1864 298 1904 Qui
321 1864 420 1896 Besso
445 1864 581 1906 martyri
605 1864 658 1905 pio
923 1865 993 1898 Tua
1016 1864 1144 1898 favente
1167 1868 1272 1906 gratia

239 1912 324 1944 Vota
347 1911 455 1944 ferunt
478 1921 517 1944 ex
540 1912 655 1946 animo.
923 1913 1043 1954 Magna
1066 1914 1133 1953 ejus
1158 1914 1198 1947 ob
1223 1916 1346 1950 merita.

180 1981 212 2013 3.
236 1979 321 2012 Nam
346 1978 494 2012 vitiorum
520 1979 625 2012 varias
864 1981 897 2013 6.
923 1980 1019 2020 Cujus
1045 1981 1175 2013 obtentu
1198 1982 1335 2022 patriam

238 2028 410 2068 Propulsat
434 2027 487 2060 hic
509 2027 681 2068 molestias,
922 2028 1037 2061 Redde
1060 2028 1151 2061 nobis
1174 2029 1367 2070 mellifluam,

236 2076 356 2117 Quibus
380 2078 555 2116 gravantur
578 2076 673 2108 animi
920 2075 986 2109 Ubi
1011 2076 1122 2109 beatus
1145 2078 1262 2119 gaudio

236 2125 410 2158 Caecorum
434 2124 511 2156 inde
535 2124 664 2166 perditi.
921 2125 986 2157 Hic
1010 2123 1127 2158 fruitur
1150 2130 1315 2166 perpetuo.

542 2192 574 2225 7.
601 2192 718 2225 Grates
745 2201 821 2225 vero
847 2200 917 2224 cum
941 2192 1089 2225 laudibus

598 2239 683 2281 Tibi,
710 2240 846 2280 Christe,
874 2240 1094 2285 persolvimus,

598 2289 636 2321 In
661 2287 727 2321 fide
749 2290 805 2320 tua
829 2287 975 2320 stabilem

600 2336 659 2376 Qui
684 2337 731 2369 sic
756 2336 866 2369 ditasti
889 2339 1073 2377 martyrem.

252 2421 338 2448 Brev.
359 2429 413 2449 ms.
433 2421 670 2458 Hipporegiense
688 2423 759 2450 anni
779 2418 863 2450 1488.
904 2421 973 2450 Cod.
995 2423 1089 2460 Capit.
1109 2424 1321 2462 Hipporegien.
1341 2425 1367 2454 9.
