1653 2637
710 152 968 186 —225—

180 246 211 278 3.
239 245 334 277 Nunc
353 254 428 286 ergo
453 246 554 289 nobis,
582 256 781 290 quaesumus,
871 251 898 282 4.
928 250 1072 290 Praesta,
1098 252 1192 291 pater
1214 249 1368 289 piissime,

240 294 399 326 Praesens
425 294 536 327 adesto
564 296 715 335 cominus,
928 298 1081 338 Patrique
1106 306 1237 337 compar
1261 298 1355 329 unice

238 341 339 373 Omne
363 342 567 382 impetrando
593 345 791 377 commodum
930 345 1008 379 Cum
1030 346 1146 385 spiritu
1170 345 1326 385 paraclito

236 388 279 420 Et
306 392 379 428 post
404 398 545 430 perenne
570 392 730 431 gaudium.
930 393 1024 424 Nunc
1048 396 1080 424 et
1103 401 1161 433 per
1187 401 1279 424 omne
1304 392 1475 425 saeculum.

253 474 339 501 Brev.
360 483 414 502 ms.
435 475 659 503 Benedictinum
679 484 756 504 saec.
781 475 826 504 15.
867 476 936 505 Cod.
957 477 1118 505 Eremiten.
1140 474 1187 504 84.

600 605 666 637 395.
697 605 740 638 De
760 607 870 638 sancto
891 607 1084 639 Leonhardo.

673 684 723 714 Ad
745 684 832 714 Noct.
858 687 889 714 et
906 684 1003 714 Laud.

470 763 500 795 1.
530 762 678 794 Gaudeat
702 762 829 796 Christo
857 763 995 802 populus
1021 763 1216 802 1‘edemthS‚

529 809 633 841 Terra
657 810 794 842 laetetur
816 810 1018 850 jubilentque
1042 811 1130 850 coeli,

528 857 573 889 Et
600 857 683 889 diem
708 856 784 889 festi
808 858 930 889 recolat
953 856 1059 890 fidelis

575 905 671 937 Plebs
694 904 889 937 Leonhardi.

471 982 502 1012 2.
528 979 637 1020 Stirpe
661 980 859 1012 Francorum
884 980 1095 1012 Leonhardus
1121 981 1219 1019 ortus,

532 1027 682 1060 Patribus
706 1028 835 1068 mundo,
870 1028 989 1067 pietate
1016 1027 1142 1060 Christo

531 1074 652 1115 Clarus,
679 1076 764 1107 hunc
788 1076 837 1107 illi
861 1076 1024 1116 sapienter
1052 1083 1148 1106 unum

579 1122 738 1155 Praetulit
762 1123 857 1155 omni.

472 1199 503 1230 3.
528 1198 637 1229 Verba
662 1198 785 1238 Remigi
810 1200 866 1230 tua
890 1201 999 1229 sancte
1023 1196 1152 1237 praesul

528 1245 640 1277 Mente
665 1245 820 1285 concepit,
854 1245 1006 1285 patefecit
1033 1248 1107 1276 actu

532 1294 577 1325 Et
600 1295 671 1324 tuos
697 1302 801 1325 mores
826 1291 888 1325 fuit
912 1293 1097 1330 aemulatus

574 1340 677 1372 Facta
701 1343 839 1375 secutus,

470 1417 502 1448 4.
529 1416 615 1448 Hinc
642 1416 733 1448 domo
758 1416 861 1456 patris
886 1415 1056 1455 patriaque
1080 1417 1168 1446 terra

526 1465 634 1503 Atque
660 1465 794 1504 cognato
820 1463 939 1503 populo
965 1463 1086 1494 relictis

527 1510 620 1543 Solus
647 1511 822 1543 abscedens
847 1510 1011 1543 Abraham
1041 1518 1169 1541 recessu

574 1559 699 1591 Retulit
721 1559 794 1590 isto.

471 1636 502 1667 5.
528 1634 631 1666 Exsul
655 1634 687 1666 in
713 1634 831 1665 mundo
857 1634 1052 1674 propiorque
1078 1633 1175 1674 coelo,

527 1683 706 1722 Pauperem
734 1690 859 1721 pauper
883 1681 1054 1713 Dominum
1080 1682 1217 1722 secutus,

527 1730 632 1762 Vasta
658 1730 778 1761 deserti
802 1729 886 1769 petit
910 1729 1064 1769 Aquitani

578 1778 697 1810 Versus
721 1778 763 1809 ad
790 1777 910 1809 orbem.

474 1854 505 1887 6.
532 1853 619 1885 Fons
645 1852 780 1885 scroben
805 1852 923 1884 siccam
948 1850 1085 1883 refluens
1106 1850 1254 1890 replevit,

532 1901 708 1942 conjugem
732 1902 844 1941 nupt-a,
876 1900 1004 1933 domina
1029 1899 1170 1938 clientes,

531 1949 629 1982 Prole
653 1949 796 1989 reginam
822 1951 970 1980 meritum
995 1948 1082 1979 beati

579 1996 792 2030 Laetificavit.

472 2077 502 2109 7.
530 2075 676 2108 vinculis
702 2074 836 2114 vinctos,
863 2074 947 2114 pede
974 2073 1202 2115 claudicantes,

528 2123 617 2156 Luce
643 2124 797 2165 caecatos,
824 2122 938 2153 animis
963 2125 1116 2161 tyrannos

532 2171 646 2210 Solvis,
673 2171 844 2210 instauras,
876 2169 994 2210 radias,
1021 2167 1177 2210 refrenas,

582 2220 607 2252 O
633 2219 835 2251 Leonharde.

469 2299 500 2331 8.
528 2299 553 2331 Ο
578 2298 630 2330 vir
654 2296 800 2336 insignis,
825 2295 912 2326 mala
938 2297 1053 2326 cuncta
1078 2293 1217 2333 solvam,

528 2345 624 2378 Solve
649 2344 776 2385 peccati
800 2342 933 2374 manicis
958 2342 1084 2383 ligatos,

533 2393 678 2426 Vinculis
706 2391 811 2424 carnis
837 2390 931 2422 simul
957 2390 1119 2423 absolutos

578 2441 646 2473 Nos
671 2439 721 2472 for
745 2439 787 2472 ad
812 2441 910 2471 astra.

237 2501 368 2528 Droves,
385 2499 475 2528 Hymni
487 2498 584 2523 Inediti.
614 2498 646 2522 11.
1300 2480 1334 2509 15
