1653 2637
703 142 745 147 -
798 121 963 157 180—-

396 222 428 255 3.
455 220 626 260 Surgentes
651 219 749 260 igitur
773 218 903 251 mitibus
928 219 1065 252 invicem

454 268 587 300 Oremus
618 267 765 308 precibus
792 267 912 299 coelica
936 268 1076 307 numina,

453 316 646 348 Praesertim
672 314 853 355 Dominum,
878 315 932 355 qui
959 315 1050 348 dedit
1073 315 1229 355 angelum,

503 364 617 397 Curam
644 364 697 404 qui
721 363 805 404 gerit
828 364 977 397 omnium.

394 422 427 454 4.
454 420 539 460 Quae
564 421 666 452 virtus
691 419 828 452 hominis
853 428 1002 460 promere
1026 418 1156 459 sufficit,

454 469 540 506 Quae
564 469 682 501 mundo
709 467 841 501 Gabriel
864 476 999 500 munera
1024 466 1191 500 conferat?

453 515 586 548 Sanctas
612 516 686 548 hinc
711 515 832 548 animas
855 516 959 547 visere
985 515 1154 548 Dominum

499 563 632 596 Praesto
658 564 745 596 ducit
768 562 802 594 111
827 563 967 596 aethera.

395 623 424 654 5.
451 622 499 653 Tc
522 621 672 661 princeps
697 621 794 661 igitur
818 620 931 652 inclite
954 628 1153 661 quaesumUS,

453 667 516 699 Pro
542 668 633 700 nobis
658 667 782 700 miseris
808 668 931 707 poscito
957 668 1102 709 gratiam,

453 714 521 746 Fac
547 718 578 746 et
602 716 787 756 propitium,
815 715 868 754 qui
893 716 981 747 valet
1005 715 1119 753 omnia,

502 762 602 794 Nobis
628 766 662 794 ut
691 763 817 796 veniam
843 762 965 797 afferat.

238 828 322 855 Brev.
342 829 505 856 Romanum
525 828 594 864 imp.
616 828 748 856 Venetiis
772 825 855 855 1521.

578 938 646 969 303.
677 939 720 970 De
741 940 849 970 saneto
875 938 1065 979 Gangolpho.

168 1017 199 1049 1.
227 1018 251 1050 O
278 1021 401 1058 martyr
427 1018 510 1049 celse
535 1018 724 1058 Jangolphe,
852 1020 883 1051 3.
911 1019 935 1051 O
961 1022 1054 1058 pater
1081 1018 1194 1057 dulcis,
1222 1018 1355 1057 dignare

225 1064 431 1097 l’oscentibus
456 1065 549 1096 adsta
573 1066 627 1104 pie
912 1066 1114 1099 Catervulam
1137 1065 1221 1097 hanc
1245 1065 1338 1104 tueri,

224 1111 267 1142 Et
291 1112 324 1143 in
350 1120 455 1145 arcem
481 1113 661 1144 aetheream
911 1113 977 1151 Quo
1003 1113 1151 1145 immunis
1176 1122 1195 1144 a
1220 1112 1353 1144 crimine

224 1158 377 1191 Oraturos
402 1168 485 1192 nune
510 1160 609 1192 eleva.
910 1160 1157 1201 Gongratuletur
1180 1160 1306 1200 ubique.

166 1216 196 1247 2.
223 1214 386 1256 Effulgens
412 1216 510 1256 signis
535 1216 687 1248 virtutum
850 1217 882 1249 4.
909 1216 1020 1248 Deitas
1045 1226 1117 1259 una,
1152 1217 1193 1248 da
1217 1217 1308 1248 nobis

223 1262 327 1294 Testis
352 1263 437 1295 mitis
462 1263 544 1303 regis
570 1264 647 1303 veri,
910 1265 1071 1304 Perpetim
1098 1264 1239 1296 adscribi
1265 1264 1334 1306 tibi,

223 1310 332 1349 Ipsum
357 1311 495 1350 implora
520 1311 640 1351 sedule,
907 1312 1001 1344 Mens
1028 1313 1168 1352 erigatur
1193 1312 1234 1343 ad
1260 1315 1357 1354 astra,

221 1357 287 1396 Quo
312 1367 484 1399 purgemur
505 1368 524 1389 a
549 1359 678 1391 scelere.
909 1359 959 1390 Ne
985 1360 1087 1392 denuo
1114 1362 1224 1391 cernat
1246 1359 1320 1393 ima.

168 1460 174 1465 ¹
222 1422 349 1466 ’Hynur
370 1432 428 1467 ¹3³⁸ss
443 1422 624 1450 Benedictin.
647 1432 722 1451 saec.
746 1420 789 1451 13.
823 1422 892 1450 Cod.
916 1423 1011 1460 Capit.
1032 1423 1152 1452 Mediol.
1174 1433 1197 1451 s.
1218 1433 1247 1451 n.
1268 1438 1305 1442 —
1325 1421 1356 1458 3,
1378 1422 1396 1452 3
1418 1425 1482 1459 Quo

166 1468 285 1487 inniveo
310 1468 328 1487 a
348 1469 478 1488 erimine.

620 1570 690 1602 304.
721 1571 765 1603 De
785 1572 891 1603 saneto
915 1571 1054 1612 Georgio.

165 1649 198 1683 1.
224 1649 353 1689 Martyr
379 1649 498 1682 Christi
522 1651 730 1691 sanctissime,
850 1653 882 1683 2.
908 1651 968 1690 Qui
990 1653 1160 1691 tyrannum
1190 1651 1346 1692 devicisti,

222 1696 318 1728 Miles
345 1697 617 1736 excellentissime,
909 1698 1082 1730 Dacianum
1111 1698 1274 1739 subegisti,

225 1743 341 1784 Georgi
367 1744 631 1784 praeclarissime,
908 1745 974 1778 Nos
999 1748 1173 1787 praecepta
1199 1747 1340 1788 decalogi

223 1792 358 1824 Precata
381 1793 491 1824 nostra
516 1793 652 1833 suscipe.
908 1793 1044 1826 Servare
1069 1793 1129 1832 fac,
1162 1802 1179 1825 0
1207 1793 1333 1835 Georgi.

549 1850 579 1882 3.
608 1849 735 1881 Summo
760 1849 847 1889 patri
872 1852 905 1881 et
927 1848 994 1882 filio

611 1897 688 1929 Cum
714 1897 829 1937 spiritu
853 1898 1009 1936 paraclito

610 1944 659 1976 Sit
682 1945 761 1987 laus,
791 1945 886 1976 decus
913 1948 944 1976 et
968 1946 1074 1985 gloria

610 1993 673 2024 Per
696 1991 823 2024 infinita
847 1993 985 2027 saecula.

240 2056 328 2083 Brev.
350 2065 402 2083 ms.
423 2056 659 2084 Fredeslariense
683 2065 757 2084 saec.
783 2054 826 2083 15.
868 2057 937 2084 Cod.
960 2057 1107 2085 Casselan.
1126 2057 1228 2085 Theol.
1247 2059 1291 2086 IV
1313 2057 1359 2088 30.

513 2175 579 2207 305.
611 2174 654 2207 De
675 2176 783 2208 sancto
807 2175 943 2208 Gereone
965 2178 996 2208 et
1015 2177 1121 2209 Sociis.

430 2256 459 2288 1.
485 2256 586 2288 Laeta
610 2257 805 2297 martyribus
829 2259 935 2288 mente
960 2266 1109 2291 canamus

484 2304 620 2335 Thebeis
646 2305 809 2344 proprium
837 2304 973 2336 dulciter
997 2305 1159 2350 hymnum,

486 2351 623 2390 Quorum
653 2352 821 2393 terrigenis
847 2351 930 2384 festa
954 2354 1078 2385 revexit

487 2398 569 2431 Solis
594 2400 755 2440 vinicoqui
779 2400 968 2439 splendidus
994 2402 1073 2434 axis.
