1653 2637
680 95 941 131 —192-⁶

179 222 186 229 .
210 195 307 227 Velut
329 196 424 227 stella
446 195 603 227 matutina
837 193 868 225 5.
895 191 998 230 Hujus
1024 190 1300 230 contemplationis

262 242 386 275 Lucens
411 242 527 275 mundo
553 243 664 281 oritur,
944 238 1114 271 consortes
1140 237 1259 270 efficiat

212 290 294 330 Vita,
320 290 418 331 signis
444 294 476 321 et
499 290 643 322 doctrina
895 285 974 325 Nos,
1001 285 1027 317 si
1052 285 1156 317 bonae
1179 284 1313 316 actionis

261 337 378 370 Tribus
401 337 518 379 linguis
541 336 690 377 loquitur,
941 333 1095 365 Meritum
1121 330 1261 372 deficiat,

214 384 332 424 Quibus
356 393 447 417 sacra
471 385 524 416 lex
550 384 658 417 divina
896 380 979 412 Suae
1003 388 1137 421 magnae
1162 378 1379 419 proportionis

261 432 312 465 Ab
336 432 393 465 illo
420 432 597 472 exponitur.
942 429 1072 460 Partem
1096 426 1189 459 nobis
1214 427 1343 459 tribuat.

180 514 187 522 .
214 490 277 522 Pro
302 490 351 521 his
377 489 471 529 digne
494 488 700 528 praedicatur
839 488 869 519 6.
898 485 1039 518 Gloriam
1064 484 1151 525 patri
1175 484 1309 516 melodis

259 536 299 569 In
324 537 454 568 coelesti
477 535 593 576 patria,
945 532 1155 564 Persouemus
1178 531 1321 570 vocibus,

216 585 323 623 Virgo,
350 584 461 616 doctor
486 584 654 615 coronatur
899 580 1042 613 Gloriam
1068 579 1192 612 Christo
1218 587 1376 618 canamus,

262 630 392 671 Duplici
415 631 551 673 aureola,
946 627 1088 660 Gloriam
1111 627 1279 667 paraclito,

214 678 309 710 Nude
332 678 436 711 Deum
461 677 693 717 contemplatur
896 675 957 715 Qui
980 675 1069 707 Deus
1092 676 1196 707 trinus
1223 677 1254 706 et
1278 683 1359 706 unus

262 726 324 759 Per
348 728 480 758 aeterna
505 726 643 759 saecula.
942 723 1060 756 Exstat
1084 725 1158 755 ante
1183 722 1319 755 saecula.

234 801 318 828 Brev.
339 800 368 829 S.
389 801 550 829 Donatianj
569 801 695 836 Brugen.
719 801 788 835 imp⁴
808 798 931 827 Parisiis
954 796 1036 826 1520.

571 919 637 951 326.
670 919 712 951 Dc
733 919 840 951 sancto
861 918 1056 957 Hieronymo.

710 996 759 1027 Ad
778 996 906 1026 Laudes.

181 1093 187 1100 .
215 1065 349 1097 Sanctus
374 1067 484 1098 doctor
508 1066 722 1106 Hieronymus
837 1067 869 1099 5.
896 1064 1045 1098 Officium
1070 1064 1247 1104 composuit

212 1113 307 1146 Dulci
332 1114 479 1146 laudetur
505 1115 653 1153 carmine,
894 1112 1057 1154 Divinum,
1084 1111 1184 1144 libros
1209 1112 1383 1153 transtulit,

216 1161 312 1199 Quem
337 1160 511 1193 illustravit
536 1161 667 1193 coelitus
894 1160 955 1192 His
980 1160 1098 1192 mundo
1124 1158 1322 1199 patefaciens

215 1207 430 1247 Splendor
454 1211 663 1248 paternae
687 1209 779 1248 glo·
895 1207 1076 1240 Verbum
1109 1215 1336 1246 supernum
1367 1215 1465 1246 pro—

551 1256 586 1288 ri
598 1266 617 1288 a
627 1264 652 1290 e.
1237 1254 1276 1286 di
1286 1262 1303 1284 e
1311 1264 1332 1285 n
1340 1263 1366 1287 s.

181 1338 188 1345 .
215 1312 277 1345 Hic
300 1312 502 1352 margaritam
529 1313 658 1355 reperit,
839 1315 869 1346 6.
897 1312 1003 1353 Signis
1029 1312 1206 1344 clarescens
1232 1311 1341 1351 variiS,

213 1360 275 1392 Pro
302 1369 363 1399 qua
388 1364 502 1394 cuncta
528 1361 676 1400 deseruit,
897 1360 1052 1392 Doctrina
1077 1363 1109 1391 et
1133 1358 1315 1399 virtutibus,

214 1407 395 1447 Adspirans
423 1408 464 1439 ad
489 1408 639 1440 aetherea
897 1407 1034 1439 Summis
1060 1407 1183 1446 potitur
1207 1407 1369 1449 praemiis,

213 1454 243 1487 A
254 1458 403 1486 eterna
416 1454 582 1487 Christi
597 1463 777 1488 munera.
896 1455 1084 1486 Exsultet
1102 1463 1141 1486 co
1151 1454 1328 1486 elumlau
1338 1454 1462 1486 dibus.

182 1538 189 1545 .
217 1511 254 1544 In
279 1511 468 1552 mortalique
494 1520 626 1552 corpore
840 1513 870 1544 7.
898 1511 1041 1551 Simplex
1067 1514 1099 1543 et
1122 1511 1206 1543 trina
1234 1511 1347 1551 deitas,

215 1558 321 1591 Vitam
344 1559 467 1599 peregit
494 1558 655 1600 caelibem,
898 1558 960 1591 Per
983 1558 1084 1598 ipsius
1106 1557 1256 1599 suffragia

214 1605 346 1638 Plaudit
371 1615 430 1645 pro
457 1607 531 1638 dato
555 1615 687 1638 munere
897 1606 950 1638 Da
972 1608 1047 1645 post
1068 1605 1180 1637 mundi
1205 1606 1350 1638 miserias

215 1654 325 1687 Urbs
351 1654 476 1686 beata
499 1654 778 1687 Hierusalem.
897 1654 1030 1685 Beata
1054 1653 1178 1685 nobis
1203 1653 1369 1694 gaudia.

182 1737 188 1745 .
214 1711 331 1743 Haurit
356 1719 473 1743 arcana
494 1709 571 1743 fidei
840 1712 871 1744 8.
899 1710 948 1742 Sit
971 1711 1040 1742 laus
1066 1711 1151 1751 patri
1177 1718 1246 1742 cum
1269 1709 1408 1751 flamine,

216 1758 262 1791 Et
286 1758 447 1791 dulcorem
473 1758 597 1802 eloquii,
899 1758 1002 1799 Salus,
1031 1758 1134 1801 decus,
1161 1758 1330 1798 imperium

213 1805 266 1838 Ex
289 1810 332 1846 te,
357 1804 429 1838 fons
454 1806 640 1847 sapientiae,
897 1806 1043 1846 Tibique.
1068 1806 1170 1846 patris
1194 1806 1297 1850 unice,

214 1853 340 1887 Lucis
367 1858 540 1886 creator
564 1855 731 1894 optime,
899 1854 1090 1894 Christe,
1117 1854 1367 1894 redemptor
1383 1863 1464 1886 om-

1235 1911 1257 1933 n
1266 1902 1278 1932 i
1287 1912 1308 1933 u
1316 1910 1357 1935 m.

232 1966 317 1994 Brev.
339 1966 368 1994 S.
384 1967 547 1994 Donatiani
568 1967 691 2003 Brugen.
713 1968 782 2003 imp.
803 1967 928 1994 Parisiis
950 1964 1031 1994 1520.

574 2085 638 2116 327.
667 2086 711 2117 De
731 2086 838 2117 sancto
858 2085 1052 2124 Hieronymo.

692 2164 728 2193 In
747 2163 764 2191 2
783 2162 932 2200 Vesperis.

181 2259 187 2265 .
215 2234 245 2266 A
270 2233 375 2266 solis
401 2235 519 2265 ortus
546 2231 724 2265 cardine
839 2233 871 2266 2.
897 2232 1054 2265 Beatus
1080 2237 1237 2267 auctor
1262 2238 1428 2270 saeculi

215 2282 260 2314 Et
281 2289 383 2320 usque
405 2283 512 2313 terrae
536 2280 669 2312 limitem
898 2280 996 2313 Sacro
1020 2284 1053 2312 te
1077 2283 1183 2321 replet
1205 2285 1344 2324 numine,

215 2330 261 2361 Te
288 2328 442 2370 doctrina,
471 2327 675 2368 Hieronyme,
897 2328 1030 2367 Scribis
1049 2328 1161 2371 dictas,
1180 2331 1337 2364 transfers
1353 2333 1465 2376 libros,

216 2378 351 2418 vitaque
373 2376 515 2409 reddunt
540 2375 707 2408 celebrem.
899 2376 1025 2419 Studes,
1057 2385 1129 2409 oras
1153 2378 1292 2412 assidue.
