1653 2637
686 163 729 168 —
781 142 848 178 142
896 162 942 167 —-

386 239 417 272 5.
442 238 513 271 Hoc
532 241 570 270 ut
593 238 715 271 audivit
736 247 866 279 praeses
889 238 1106 278 impiissimus,

442 286 495 319 Ad
520 294 554 317 se
578 287 742 326 praecepit
768 285 886 318 deferri
913 286 1063 325 celerius;

440 334 503 365 Ter
526 333 597 373 ipsa
619 335 712 365 nocte
735 333 888 366 Dominus
913 341 972 372 per
995 333 1147 366 somnium

438 380 565 413 Monuit
588 389 678 413 suum
701 380 880 421 praesulem
904 380 1146 424 sanctissimum,

440 428 577 467 Surgens
602 427 731 460 offerret
755 427 816 459 sibi
841 426 1039 462 sacrificium,

383 506 414 538 6.
441 504 577 537 Carcere
599 503 736 543 primum
758 503 876 544 ligatur
902 503 1116 544 compedibus,

438 552 551 585 Jovem
575 550 797 590 blasphemans
823 550 966 582 caeditur
991 559 1061 582 cum
1085 549 1231 591 fustibuS,

439 599 520 631 Item
545 598 697 638 suspendi
717 598 824 638 jussus
850 600 898 629 est
922 598 1063 640 equuleo,

438 645 606 686 Unguibus
631 646 728 688 carpi,
754 647 847 685 rupto
874 645 976 677 carnis
1001 645 1086 678 corio

437 692 531 725 Fidei
554 694 661 725 manet
683 693 813 726 robusta
838 691 1004 726 confessio.

380 770 412 801 7.
438 768 555 801 Caesar
581 769 708 810 iniquus
733 768 943 801 exardescens
968 767 1053 801 furia

438 817 536 850 Jubet
559 816 642 848 adiri
665 816 727 848 laci
751 815 950 859 praecipitia,

437 864 489 896 Ad
519 864 633 895 collum
657 863 723 902 ejus
747 863 890 904 pondere
914 872 1090 896 marmoreo

438 912 552 952 Ligato
577 913 719 943 sanctum
746 910 908 943 dimittunt
933 911 1089 952 continuo,

437 959 570 991 Illaesus
596 958 661 990 exit
685 958 812 998 glaciali
835 958 925 990 solio.

383 1036 415 1070 8.
441 1034 584 1067 Grenibus
606 1033 699 1066 flexis
721 1032 867 1074 pontifex
892 1034 1108 1073 magnanimus

436 1082 597 1121 Vibretur,
623 1079 702 1121 infit,
728 1082 762 1113 in
787 1081 941 1115 cervicem
966 1080 1108 1120 gladius;

438 1129 595 1169 Sanguine
619 1128 688 1160 fuso
714 1128 853 1160 sociatur
877 1128 1006 1169 angelis

437 1177 564 1209 Pellens
594 1177 729 1209 adversa
751 1175 805 1209 fao
827 1175 942 1208 laetari
963 1175 1139 1216 prosperis,

440 1224 593 1264 Christus,
619 1226 766 1263 rogantes
790 1232 887 1262 prece
911 1223 957 1254 tui
982 1223 1141 1262 mariyrls,

381 1302 413 1335 9.
437 1300 618 1339 Martyrum
641 1299 709 1339 regi
734 1300 935 1331 decantemus
958 1299 1101 1339 gloriam,

435 1348 495 1387 Qui
518 1346 667 1378 membris
693 1346 816 1378 confert
838 1346 872 1378 in
896 1346 990 1378 terris
1015 1347 1190 1386 victoriam,

436 1394 508 1427 Una
539 1403 607 1425 cum
631 1396 724 1434 patre
748 1396 919 1434 sanctoque
943 1393 1108 1434 paraclito,

437 1442 526 1474 Siout
548 1442 618 1473 laus
643 1443 712 1473 erat
734 1442 764 1473 ei
785 1441 820 1472 in
843 1441 1012 1482 principio,

435 1489 480 1522 Et
503 1498 586 1521 nunc
611 1492 643 1521 et
664 1497 790 1529 semper
814 1489 856 1520 sit
879 1491 974 1528 atque
997 1490 1160 1528 perpetuo.

240 1591 320 1620 offic.
350 1601 402 1621 ms.
429 1591 458 1619 S.
482 1591 576 1620 Blasii
606 1599 680 1619 saec.
708 1589 750 1619 15.
783 1592 822 1618 in.
868 1590 936 1619 Cod.
963 1590 1177 1619 Darmstadien.
1208 1589 1290 1619 1021.
1320 1606 1355 1611 —
1384 1589 1414 1627 l,
1445 1589 1462 1619 2

166 1630 286 1659 Claruit.
312 1645 345 1649 —
366 1629 393 1664 2,
414 1627 432 1657 5
451 1637 548 1666 specu.
570 1644 605 1648 —
625 1629 651 1663 7,
674 1627 691 1656 5
712 1631 790 1657 exiit.

614 1797 681 1830 238.
712 1798 756 1829 De
776 1801 884 1829 sancto
903 1796 1020 1829 Blasio.

719 1884 767 1915 Ad
787 1883 914 1914 Laudes.

356 1964 388 1997 1.
415 1963 534 2005 Gloria,
559 1963 657 2003 Deus,
684 1966 715 1995 et
737 1971 852 1995 corona
876 1965 1051 2002 martyrum

414 2011 499 2052 Sors,
525 2011 601 2052 vita,
627 2011 722 2050 salus,
747 2011 932 2051 praemium,
958 2020 1029 2053 pax,
1057 2011 1214 2050 gaudium,

409 2058 537 2091 Exaudi
560 2066 672 2098 preces
695 2058 756 2089 tibi
780 2058 1035 2100 supplicantium,

411 2106 500 2137 Inter
524 2106 682 2144 procellas
706 2104 815 2136 mundi
839 2103 889 2135 fer
914 2105 1076 2142 auxilium,

411 2154 496 2184 Arce
521 2155 682 2193 tyrannOS,
707 2159 833 2192 gregem
857 2150 967 2184 fovens
992 2152 1106 2184 ovium.

353 2230 385 2263 2.
413 2227 673 2269 Congratulantes
698 2228 891 2259 celebremus
916 2236 1021 2259 annua

416 2275 570 2315 Martyris
595 2276 642 2307 tui
666 2275 766 2307 Blasii
792 2274 953 2312 solemnia,

413 2323 472 2363 Qui
499 2323 664 2362 deputavit
687 2332 768 2355 vana
793 2323 902 2355 mundi
926 2322 1051 2362 gaudia,

412 2371 501 2404 Pede
526 2371 712 2402 conculcans
737 2374 850 2403 cuncte.
871 2369 1056 2402 transitoria

414 2418 551 2452 Diversa
572 2418 694 2459 sprevit
715 2418 843 2462 tyranni
866 2417 1032 2460 supplicia.
