1653 2637
742 152 1003 190 -183--

475 253 505 286 7.
532 253 630 285 Adsit
658 256 806 286 aeternus
831 258 924 294 pater
950 256 982 285 et
1008 255 1145 294 creator,

532 301 629 333 Adsit
655 305 687 333 et
710 304 814 345 natus,
841 302 969 342 sapiens
994 301 1191 344 redemptor,

533 349 735 390 Spiritusque
760 350 846 382 adsit
869 350 942 390 pius
968 349 1043 381 huic
1069 352 1217 383 catervae

580 396 790 431 vociferanti.

284 463 404 499 Antiph.
425 472 478 491 ms.
502 471 578 490 saec.
601 461 645 491 16.
687 464 756 492 Cod.
780 464 920 491 Hafnien.
940 463 989 498 Ny
1009 463 1099 499 kong.
1123 463 1143 491 S
1164 461 1191 491 8.
1212 461 1297 491 3449.

649 573 716 606 309.
747 575 790 606 De
810 575 922 605 saneta
943 573 1103 606 Gertrude.

211 646 243 678 1.
272 644 453 685 Gertrudis,
480 653 556 676 area
579 645 717 677 numinis
900 646 932 678 4.
960 645 1020 683 Qui
1046 644 1126 677 vivit
1149 646 1182 677 in
1206 645 1277 677 sinu
1303 645 1404 685 patris

270 692 457 732 sponsoque
479 692 590 732 Juncta
615 692 783 733 virginum,
960 692 1089 725 Cinctus
1114 693 1248 733 perenni
1273 693 1383 735 gloria,

270 740 322 772 Da
351 740 504 779 nuptialis
529 748 670 781 pangere
957 741 1092 772 Amatus
1117 744 1154 772 ut
1177 749 1312 780 sponsus
1338 743 1393 772 tua

272 787 385 820 Castos
411 788 528 819 amoris
553 786 703 820 foederis.
957 788 1128 820 Recumbit
1151 790 1237 821 inter
1260 788 1369 820 ubera.

211 846 243 876 2.
270 844 444 884 Quadrima
471 844 597 878 Christo
620 846 739 877 nubilis
901 848 932 878 5.
959 846 1079 877 Amore
1105 846 1266 879 Christum
1293 846 1450 885 vulneras,

269 893 308 925 in
332 892 472 925 claustra
495 895 644 932 prompte
669 893 817 925 convolas
958 892 1023 926 Hic
1046 896 1079 924 te
1103 894 1244 925 vicissim
1271 893 1417 925 vulnerat

273 939 453 980 Spretoque
477 940 611 971 nutricis
637 940 708 972 sinu
959 940 1091 980 Tuoque
1116 941 1207 973 cordi
1231 941 1363 980 propria

275 987 393 1027 Sponsi
418 987 555 1027 requiris
581 988 699 1020 oscula.
961 988 1065 1020 Inurit
1090 988 1155 1020 alte
1179 989 1337 1028 stigmata.

213 1046 243 1077 3.
273 1044 447 1076 Candentis
471 1044 574 1076 instar
597 1044 659 1075 lilii
903 1046 934 1077 6.
962 1045 987 1077 O
1014 1045 1184 1084 singularis
1211 1045 1327 1076 caritas

273 1092 381 1125 Odore
405 1092 525 1123 mulces
551 1092 660 1123 sidera
961 1092 1007 1124 Et
1030 1092 1112 1123 mira
1140 1092 1352 1132 commutatio,

269 1139 315 1171 Et
339 1139 489 1179 virginali
515 1139 662 1171 coelitum
960 1139 1024 1171 Hic
1049 1141 1147 1172 corde
1172 1140 1312 1180 respirat
1336 1142 1400 1183 tuo,

272 1187 391 1227 Regem
419 1187 534 1218 decore
558 1188 729 1226 pertrahis,
961 1187 1010 1218 Tu
1037 1187 1117 1218 vivis
1142 1188 1236 1227 hujus
1261 1188 1385 1228 spiritu.

582 1245 613 1276 7.
640 1243 697 1285 Te,
724 1252 840 1283 sponse
864 1243 942 1276 Jesu
965 1242 1132 1284 virginum,

641 1290 743 1323 Beata
765 1291 898 1322 laudent
923 1290 1059 1330 agmina,

640 1338 740 1379 Patri,
764 1338 855 1370 simu]
882 1337 1037 1378 paraclito

642 1386 707 1419 Par
732 1386 775 1417 sit
798 1394 857 1426 per
882 1394 996 1417 aevum
1019 1385 1131 1425 gloria.

293 1452 415 1488 Antiph.
436 1461 489 1479 ms.
511 1451 751 1480 Geisenfeldense
771 1453 842 1479 anni
863 1449 946 1479 1768.
988 1451 1061 1479 Clm.
1080 1451 1234 1479 Monacen.
1256 1449 1340 1479 7352.

667 1564 729 1595 310.
763 1564 806 1595 De
827 1564 935 1594 saneto
958 1562 1090 1594 Gisleno.

762 1631 811 1661 Ad
831 1631 987 1669 Vesperas.

484 1701 515 1735 1.
542 1700 610 1732 Nos
636 1700 773 1733 afflictos
799 1703 888 1733 aestu
914 1701 965 1732 vel
990 1700 1100 1740 pluvia

543 1748 608 1780 Sua
634 1749 702 1781 dies
727 1751 822 1789 urget
846 1748 980 1790 malitia,

542 1797 601 1835 Tu,
628 1805 702 1837 spes
727 1799 846 1835 nostra,
876 1794 1039 1827 confessor
1063 1796 1185 1836 inclite,

543 1844 658 1876 Redde
682 1853 796 1876 munus
821 1843 936 1884 quietis
961 1843 1119 1882 perditae.

485 1904 516 1935 2.
543 1901 689 1942 Hymnos
715 1901 775 1933 tibi
809 1901 949 1933 canimus
975 1908 1137 1940 vesperos,

543 1951 664 1982 Aurem
689 1949 847 1990 praebens
874 1948 990 1981 exaudi
1016 1948 1159 1987 miseros,

545 1998 678 2030 Vinctos
706 1998 787 2030 educ
813 1998 853 2029 de
877 1997 963 2028 inter
986 1994 1119 2038 inferos,

546 2047 632 2080 Tuos
659 2049 763 2078 tecum
790 2045 895 2078 deduc
919 2044 961 2077 ad
987 2052 1130 2084 superos.

482 2106 514 2138 3.
541 2103 597 2136 Sol
624 2103 755 2136 diurnus
781 2103 886 2143 vergit
914 2102 957 2134 ad
983 2110 1161 2143 vesperum,

540 2152 701 2193 Rogamus
726 2155 759 2184 te
784 2151 883 2183 semel
909 2153 942 2182 et
965 2150 1091 2188 iterum,

540 2200 726 2242 Deprecare
752 2207 950 2232 communem
973 2198 1154 2237 Dominum,

542 2248 589 2282 Ut
613 2248 667 2281 det
691 2249 784 2281 nobis
809 2247 936 2279 felicem
959 2247 1140 2280 terminum.

483 2309 515 2343 4.
542 2308 615 2350 Dic,
646 2307 787 2350 Grislene,
813 2305 946 2338 verbum
970 2303 1180 2343 intrepidum,

543 2356 590 2389 Ut
616 2356 671 2388 det
693 2355 785 2388 nobis
810 2356 885 2394 post
909 2361 997 2384 mare
1022 2352 1186 2385 turbidum

546 2405 680 2437 Portum
704 2404 802 2444 plena
828 2401 934 2442 quiete
959 2400 1134 2444 placidum,

543 2452 681 2484 Fontem
704 2451 781 2484 boni
807 2450 911 2483 visere
934 2448 1087 2482 lucidum.
