1653 2637
598 577 661 609 160.
691 578 736 610 De
757 578 866 610 sancto
885 578 1068 610 Adalberto.

174 650 207 682 1.
232 648 384 680 Exsultat
410 648 533 681 coelum
558 649 695 690 gaudiis,

233 696 335 728 Terra
360 697 496 736 plaudat
521 696 696 735 solemniis,

233 744 271 775 In
298 743 470 775 Adalberti
494 744 673 783 praeconiis

234 790 333 823 Plebs
357 794 449 823 sonet
476 800 515 823 ex
539 790 747 831 praecordiis,

175 849 206 880 2.
233 847 301 879 Nos
327 848 424 880 saecli
450 848 543 888 hujus
569 849 710 880 aemulos

235 894 348 927 Carnis
372 895 529 928 domando
555 896 701 928 stimulos

235 942 299 974 Per
323 943 503 975 sanctitatis
525 943 635 975 titulos

235 990 351 1022 Vertat
373 990 407 1022 in
432 991 494 1023 Dei
518 989 664 1023 famulos.

180 1049 212 1082 3,
240 1046 295 1078 Sic
320 1047 442 1078 coelum
467 1048 594 1080 scandit
617 1047 720 1079 libere

237 1094 366 1126 Nullius
392 1095 425 1126 in
449 1095 566 1127 itinere

235 1141 349 1173 Hostis
374 1142 531 1184 complex,
557 1151 706 1174 enomere

234 1189 280 1222 Ut
302 1188 395 1221 nobis
422 1190 519 1222 donet
543 1190 662 1222 vivere.

864 650 898 683 4.
925 648 1021 689 Cujus
1046 654 1180 689 precatu
1203 649 1339 681 solvitur

923 697 1082 737 Languor,
1110 700 1143 728 et
1167 697 1252 729 salus
1277 696 1434 738 redditur,

921 745 1022 777 Justis
1046 745 1158 776 beatus
1180 744 1334 784 jungitur,

924 791 970 825 Ut
994 792 1152 832 propheta
1176 791 1384 832 promittitur.

888 873 896 881 .
924 848 970 881 Ut
995 849 1140 881 Christus
1168 857 1235 880 cum
1261 849 1436 889 advenerit,

924 896 1111 936 Horrorque
1132 896 1285 928 mundum
1311 895 1455 934 cinxerit,

924 943 1109 985 Jungamur‚
1138 944 1166 975 si
1189 952 1252 975 non
1278 944 1434 985 abnuerit,

924 989 991 1023 Nos
1016 1000 1140 1031 quoque
1164 990 1226 1023 sibi
1248 991 1400 1031 junxerit,

890 1073 897 1080 .
924 1047 1014 1079 Patri
1041 1049 1114 1080 dato
1139 1047 1261 1087 eulogio

923 1095 1066 1134 Ejusque
1091 1095 1152 1127 soli
1174 1094 1251 1134 filio,

923 1142 1041 1174 Sancto
1065 1142 1161 1174 simul
1184 1142 1342 1182 paraclito

923 1190 961 1222 ln
986 1198 1083 1230 regno
1110 1189 1170 1221 hoc
1193 1192 1359 1230 perpetuO.

249 1255 336 1282 Brev.
364 1263 418 1282 ms.
445 1255 650 1290 Stn'goniense
675 1264 751 1283 saec.
781 1254 824 1283 14.
851 1264 894 1283 ex.
917 1254 987 1283 Ood.
1007 1255 1102 1283 Palat.
1122 1254 1327 1283 Vindobonen.
1350 1253 1432 1283 1829.
1461 1270 1490 1274 —

178 1291 203 1327 1,
224 1290 243 1320 3
262 1292 341 1320 Eine
362 1292 446 1320 Silbe
465 1293 577 1328 zuviel;
600 1292 656 1320 lies
675 1294 712 1321 In
731 1294 868 1322 Alberti‘?
901 1294 949 1321 Da
969 1293 1020 1320 der
1039 1301 1133 1330 ganze
1151 1294 1287 1328 Hymnus
1307 1294 1404 1322 nichts
1423 1294 1493 1330 Spe-

173 1331 307 1358 zifisches
331 1339 400 1358 vom
425 1331 465 1358 hl.
485 1331 629 1360 Adalbert
655 1331 781 1366 enthfilt,
807 1334 847 1360 ist
871 1331 923 1359 der
945 1331 1039 1359 Name
1066 1331 1218 1358 vielleicht
1237 1331 1301 1359 hier
1320 1334 1393 1359 statt
1412 1335 1491 1361 eines

175 1368 287 1397 andern
311 1369 535 1405 eingeschoben.
556 1384 593 1389 -ν
614 1367 642 1405 2,
664 1367 679 1396 1
700 1368 762 1397 Vos
783 1370 887 1405 saecli3
909 1369 1021 1397 falsche
1034 1369 1154 1397 Initiale
1168 1369 1218 1396 des
1232 1369 1436 1398 Rubrikators.
1454 1387 1491 1391 —

175 1405 201 1442 3,
225 1405 240 1434 1
268 1408 339 1435 Lies
366 1407 426 1434 Hic
450 1407 584 1435 eoelum?
611 1422 649 1426 —-
676 1405 702 1442 3,
725 1405 742 1435 3
771 1416 905 1436 enomere
926 1407 983 1435 soll
1002 1408 1081 1435 wohl
1102 1408 1197 1434 soviel
1217 1409 1281 1434 sein
1300 1408 1360 1435 und
1379 1409 1494 1436 heissen

174 1446 219 1473 als
241 1442 388 1482 ἐννόμως.
409 1460 447 1463 -
466 1443 493 1480 4,
514 1444 535 1473 4
554 1447 597 1475 Ut
616 1447 645 1473 et:
664 1446 816 1481 propheta.
837 1460 874 1464 —-
894 1444 921 1480 5,
942 1443 959 1474 3
980 1445 1033 1472 hat
1052 1447 1117 1473 eine
1137 1445 1219 1473 Silbe-
1239 1445 1348 1481 zuvie13
1370 1446 1424 1475 lies
1445 1448 1492 1474 siu

173 1485 311 1512 abnuerit
331 1483 401 1511 oder
420 1485 447 1510 si
468 1483 622 1512 adnuerit?
647 1499 685 1504 —
710 1482 736 1517 6,
756 1483 777 1512 4
802 1485 840 1512 In
859 1484 940 1511 fehlt.
978 1484 1040 1510 Der
1060 1483 1145 1511 Reim
1163 1483 1225 1520 legt
1244 1483 1293 1511 die
1311 1484 1494 1521 Vermutung

173 1523 259 1556 nahe,
281 1522 345 1549 dass
367 1521 513 1550 entwec‘ler
533 1522 581 1550 die
600 1530 694 1558 ganze
705 1522 875 1559 Doxologie
893 1522 976 1550 nicht
992 1521 1199 1557 urspriinglich
1220 1521 1290 1549 oder
1311 1519 1335 1555 6,
1358 1520 1374 1550 3
1396 1523 1455 1550 und
1475 1523 1495 1550 4

173 1560 338 1588 verdorben
363 1560 438 1587 sind.
469 1574 507 1578 —
539 1561 606 1588 Den
631 1560 767 1596 Hymnus
794 1561 847 1588 hat
872 1568 925 1588 aus
952 1560 1026 1587 eben
1053 1560 1149 1587 dieser
1170 1561 1225 1588 Hs.
1251 1560 1374 1594 Danko,
1401 1562 1494 1589 Vetus

173 1599 371 1635 Hymnariun)
399 1597 646 1627 Ecclesiasticum
671 1599 858 1635 Hunger1ae,
889 1598 918 1626 S.
947 1595 1000 1625 171
1028 1598 1135 1631 ediert,
1167 1598 1220 1625 hat
1247 1599 1318 1627 aber
1345 1607 1383 1626 an
1414 1601 1495 1627 einer

174 1645 291 1674 ganzen
308 1636 403 1665 Reihe
421 1645 482 1665 von
501 1636 615 1665 stenen
631 1637 727 1665 falson
746 1638 875 1674 gelesen.

608 1728 662 1761 161.
682 1730 727 1761 De
747 1730 857 1760 sancto
877 1728 1060 1760 Adalberto.

722 1796 772 1826 Ad
791 1795 954 1833 Vesperas.

174 1869 208 1902 1.
235 1868 316 1906 Ave,
342 1865 405 1899 Dei
430 1866 515 1898 clare

233 1914 331 1947 Miles
356 1913 546 1953 Adalberte,

230 1963 370 2004 Respice
396 1963 547 1994 canentes

232 2011 308 2043 Tibi
333 2010 563 2051 supplicantes

173 2071 205 2103 2.
232 2068 346 2112 Nobis,
373 2066 436 2107 fac,
462 2069 499 2100 ut
522 2067 594 2107 pius

231 2117 407 2149 Miserator
433 2115 580 2149 Christus

233 2165 407 2205 Indulgeat
433 2166 547 2196 cuncta

230 2213 407 2253 Perperam
432 2212 610 2245 commissa.

174 2273 206 2306 3,
233 2270 365 2302 Annuet
388 2269 421 2301 in
448 2269 581 2310 cunctis,

233 2318 447 2358 Quaecunque
471 2317 611 2359 rogabis,

232 2366 331 2407 Cujus
358 2365 489 2398 caritati

234 2413 351 2447 Totum
375 2416 409 2446 te
433 2413 561 2448 vovisti.

866 1866 897 1898 4.
924 1866 1002 1905 Igne
1025 1865 1103 1897 mali
1127 1874 1228 1905 grana

924 1913 1057 1945 Penitus
1084 1915 1224 1944 cremata

924 1961 988 1993 Per
1014 1962 1053 1993 de
1077 1961 1256 1994 redivivum

924 2009 1094 2041 Protulere
1118 2007 1267 2042 fructum.

891 2092 898 2099 .
927 2066 1078 2099 Graviter
1105 2066 1251 2099 crudeles

926 2114 1040 2147 Vicisti
1063 2114 1234 2154 Fresones,

926 2164 1042 2196 Preme
1068 2165 1198 2195 cunctos
1216 2162 1323 2194 hostes

923 2210 1025 2243 Nobis
1051 2211 1269 2244 adversantes,

893 2293 900 2300 .
927 2268 974 2301 Ut
1000 2269 1097 2301 corde
1121 2276 1233 2301 securo

924 2315 1130 2348 Famulantes
1157 2315 1284 2349 Christo

925 2363 1088 2396 Pessimus
1113 2364 1254 2404 gaudere

926 2411 1044 2443 Tecum
1070 2412 1140 2444 sine
1164 2411 1237 2445 fine.
