1653 2637
173 229 203 261 7.
228 228 315 261 Scito
341 238 425 270 ergo,
452 231 535 269 quod
561 231 710 272 loqueris,

226 276 295 308 Nec
318 277 450 309 turbent
472 278 643 317 mirabilia,

227 323 276 355 Tu
302 328 398 364 caput
421 326 525 365 gregis
553 325 678 365 diceris,

226 371 271 403 Et
297 374 330 403 te
356 373 467 404 decent
491 373 659 413 magnalia.

170 439 201 472 8.
228 439 291 471 Per
315 442 348 470 te
371 439 459 471 Deus
483 439 643 471 illuminat

231 485 421 518 Caecitatem
447 487 630 526 errantium,

227 534 290 566 Per
309 534 464 566 Jacobum
489 536 678 567 exterminat

226 582 427 615 Foeditatem
452 583 660 621 peccantium.

852 231 883 263 9.
907 230 969 262 Per
994 230 1170 263 Johannem
1191 232 1232 263 ad
1258 231 1392 272 gratiam

910 277 1054 310 Electum
1080 282 1173 310 vocat
1198 280 1350 319 populum

912 325 955 357 Et
978 326 1101 358 inducit
1125 334 1183 366 per
1207 327 1334 358 latriam

911 373 964 405 Ad
989 381 1195 414 supernorum
1220 374 1380 414 pabulum.

830 440 884 473 10.
912 439 960 471 Sit
982 440 1062 481 laus,
1088 440 1189 473 honor
1212 444 1244 472 et
1267 440 1368 481 gloria

909 487 1146 528 Transfigurato
1170 488 1247 529 filio,

909 534 970 567 Per
995 544 1086 575 quem
1110 539 1223 576 regnat
1245 535 1378 577 laetitia,

909 581 1001 615 Salus
1028 589 1059 615 et
1082 583 1271 616 benedictio.

220 666 304 693 Br.ev
326 675 378 694 ms.
392 666 537 694 Romano·
540 666 697 702 Angustia.
719 674 795 694 saec.
818 665 861 694 15.
895 666 963 694 Cod.
977 667 1111 695 Vatican.
1127 668 1262 696 Ottobon.
1284 667 1348 697 544.
1362 671 1396 698 A.
1410 686 1448 690 —

144 704 228 732 Brev.
264 712 308 731 ms
342 705 506 732 Romanum
534 712 608 732 saec.
640 702 682 731 15.
728 705 797 732 cod.
825 704 1099 734 Univ.B0n0nien.
1130 704 1274 736 267613.
1303 723 1336 726 -
1368 707 1400 743 1,
1433 707 1451 736 2

146 742 280 769 (1·111131115
301 742 334 769 Β.
356 758 392 762 -
412 740 448 775 2,
471 740 488 768 2
509 745 627 770 sanetus
650 742 682 769 B.
703 756 741 760 —
761 741 786 776 2,
808 743 825 770 3
847 742 942 770 dilcio
964 744 995 771 Β.
1016 758 1054 762 —
1074 741 1100 777 2,
1120 743 1140 771 4
1159 745 1196 772 ad
1215 747 1339 782 gratiam
1360 748 1394 774 A.
1413 764 1451 767 —

144 781 170 814 3,
194 778 354 815 iquidB.
375 762 485 813 -3,
483 778 667 817 3quidss.

146 819 205 846 Dat
229 820 341 851 patrem
361 819 394 846 B.
415 833 452 836 —
472 793 505 851 5),
532 816 550 845 3
577 820 635 846 tuis
656 819 845 846 tabeinacula
863 819 898 845 A.

144 853 215 890 7,1
236 856 307 892 quid
327 857 359 884 Β.
380 870 418 876 -
437 838 507 890 8,1
529 856 676 884 illuminet
694 857 728 884 A.
749 871 786 875 ——
806 858 840 891 δ,

145 894 177 922 Β.
196 909 235 913 —
244 867 299 928 10,
319 893 340 922 4
359 895 437 922 Laus
458 897 494 921 et.

721 778 747 814 4,
772 779 895 809 15ρᾶυῐ
918 782 991 808 vivis
1006 783 1038 809 Β.
1052 780 1135 815 --4,
1156 781 1173 809 2
1195 784 1309 812 aliisB.
1324 783 1406 820 —4,
1427 784 1444 812 2

978 817 1008 853 6,
1033 818 1051 848 3
1076 820 1169 854 Quem
1189 821 1335 850 Christum
1356 823 1389 850 A.
1410 838 1448 842 ——

861 855 878 884 J
903 859 1075 886 exterminet
1092 859 1127 885 A.
1149 875 1178 879 —
1207 858 1249 892 10,
1271 858 1288 888 3
1308 861 1451 888 laetitiam

555 1043 597 1074 21.
622 1042 658 1074 In
676 1043 965 1085 Transfiguratione
986 1043 1044 1077 DN.

148 1199 177 1232 1.
204 1197 304 1229 Amor
329 1198 406 1230 Jesu
433 1198 624 1239 dulcissime,

207 1246 338 1283 Quando
366 1254 420 1278 cor
443 1252 585 1277 nostrum
610 1246 730 1286 visitas,

208 1292 306 1324 Pellis
332 1295 436 1325 mente
462 1294 625 1334 caliginem

205 1339 248 1372 Et
274 1349 331 1373 nos
356 1340 461 1381 reples
488 1341 665 1376 dulcedine.

147 1409 178 1439 2.
206 1407 305 1446 Quam
330 1406 408 1439 felix
434 1415 476 1446 es,
504 1417 596 1447 quem
621 1408 728 1448 satias,

205 1453 340 1486 Consors
365 1457 518 1495 paternae
545 1456 704 1496 dexterae,

204 1501 254 1533 Tu
278 1511 373 1535 verae
396 1504 502 1534 lumen
528 1504 661 1543 patriae,

204 1549 294 1588 Quod
319 1559 442 1582 omnem
465 1559 589 1582 sensum
616 1554 757 1590 superat.

219 1635 304 1662 Brev.
326 1636 534 1664 Gaithusiense
553 1637 623 1672 imp.
643 1633 725 1663 1587.

701 1121 750 1150 Ad
767 1120 895 1151 Laudes.

828 1202 859 1234 3.
887 1198 1045 1239 Splendor
1068 1202 1221 1239 paternae
1245 1201 1374 1242 gloriae,

889 1248 1155 1287 incomprehensa
1178 1248 1312 1287 bonitas,

886 1295 1015 1326 Amoris
1040 1295 1086 1327 tui
1112 1296 1233 1335 copiam

886 1341 938 1373 Da
961 1342 1053 1374 nobis
1078 1351 1135 1381 per
1159 1343 1382 1383 praesentiam.

828 1412 859 1442 4.
888 1408 998 1441 Gloria
1024 1410 1093 1449 tibi,
1119 1409 1264 1451 Domine,

888 1456 946 1494 Qui
972 1457 1149 1497 apparuisti
1173 1458 1277 1498 hodie,

889 1503 965 1536 Cum
990 1507 1083 1544 patre
1108 1507 1140 1535 et
1163 1508 1272 1537 sancto
1298 1505 1412 1546 spiritu

886 1552 922 1583 In
949 1553 1143 1592 sempiterna
1167 1554 1302 1586 saecula.

547 1787 593 1816 22.
627 1784 661 1816 In
683 1785 977 1826 {transfiguratione
997 1786 1055 1818 DN.

142 1874 172 1905 1.
202 1871 331 1911 Plaude,
359 1871 490 1909 coelum,
516 1874 612 1913 terra,
639 1872 756 1911 plaude

246 1919 281 1951 in
306 1920 371 1952 diei
395 1919 522 1960 gaudio,

198 1969 267 2006 Qua
289 1967 439 2007 perennis
467 1976 543 2000 voce
567 1967 671 2008 patris

245 2015 407 2048 indicatur
425 2014 510 2047 filius

195 2063 241 2095 Et
264 2062 401 2105 refulget
426 2064 582 2103 gloriosus

243 2120 301 2143 rex
326 2120 493 2152 supremus
517 2112 645 2152 gloriae.

136 2182 166 2213 2.
196 2179 275 2211 Tres
302 2179 463 2219 apostolos
487 2180 640 2219 magister

241 2230 422 2269 segregatos
449 2231 560 2260 evocat

192 2275 230 2308 In
257 2284 405 2308 cacumen
431 2276 547 2308 montis
573 2276 630 2308 alti

239 2327 270 2355 et
298 2327 444 2358 coruscat
468 2324 580 2365 gloria,

189 2373 289 2405 Veste
314 2373 408 2406 Jesus
434 2371 534 2413 fulget
557 2372 641 2412 alba,

238 2421 342 2454 vultus
365 2422 468 2453 instar
493 2421 569 2453 solis
596 2423 654 2455 est.

827 1874 858 1906 3.
885 1871 997 1904 Victor
1021 1873 1077 1904 ille
1102 1872 1275 1906 Pharaonis

931 1920 966 1952 in
985 1921 1099 1953 decore
1127 1922 1266 1954 cernitur

881 1967 925 2000 Et
950 1969 1116 2009 propheta,
1144 1978 1203 2009 quo
1229 1972 1361 2002 vocante

930 2016 1012 2057 ignis
1038 2017 1145 2049 hostes
1172 2018 1315 2058 devorat,

884 2063 1019 2106 Christe,
1047 2067 1149 2096 tecum
1178 2066 1217 2097 de
1242 2065 1375 2099 ferenda

928 2121 1030 2144 morte
1054 2113 1153 2145 verba
1177 2113 1352 2147 conferunt.

822 2181 854 2214 4,
882 2179 977 2221 Ecce,
1004 2189 1065 2212 vox
1093 2180 1132 2212 de
1156 2181 1256 2214 nube:
1284 2184 1376 2214 natus

929 2228 981 2259 hic
1002 2237 1089 2260 meus
1117 2228 1250 2262 dilectus
1276 2232 1333 2274 est,

879 2276 943 2309 Illc
966 2286 1017 2308 me
1041 2276 1185 2317 placabit
1209 2278 1288 2322 orbi,

923 2324 977 2356 hic
999 2324 1150 2365 placebat
1174 2326 1293 2363 unicus,

880 2372 976 2404 Hunc
998 2373 1169 2405 habentem
1194 2375 1295 2407 verba
1317 2376 1406 2408 vitae

928 2430 982 2453 cor
1008 2425 1039 2453 ct
1061 2422 1147 2454 auris
1167 2423 1287 2457 audiat.
