1653 2637
694 93 928 129 -6gr-

594 186 656 219 105.
685 186 718 218 In
739 182 958 218 Purificatione
978 183 1064 214 Bm.

735 234 782 265 Ad
800 234 927 264 Laudes.

419 286 453 320 1.
481 284 589 318 Celsus
614 285 653 317 de
677 285 802 325 superis
827 285 915 315 venit.
938 282 978 314 ad
1003 281 1112 315 infima

478 334 611 373 Praeco,
635 332 805 372 terrigenis
831 332 951 370 optima
975 330 1087 362 nuntia

480 380 627 412 Pandens
653 390 672 411 a
697 379 843 418 Domino,
870 378 923 418 qui
948 378 1116 417 pereuntia

528 428 661 460 Saivans
686 427 814 458 saecula
836 425 965 458 liberat.

420 486 453 517 2.
478 484 565 524 Ergo
589 492 705 523 praeco
729 483 791 515 Dei
814 483 927 514 nuntia
952 481 1097 513 Joaehim

482 532 654 570 Annaeque
679 530 781 563 sterili
808 530 993 562 continuans
1018 529 1080 561 ait:

480 578 543 618 En,
569 578 684 609 vestris
708 578 857 617 precibus
883 585 922 609 ac
946 577 1133 616 elemosynis

527 625 682 657 Excelsus
706 624 794 656 Deus
820 624 939 657 annuit.

424 683 455 715 3.
484 681 673 721 Conceptam
699 681 802 720 pariet
826 681 922 713 Anna
945 680 1095 712 videlicet

481 728 618 772 Prolem,
644 738 735 768 quam
760 728 888 760 Domini
912 727 1016 767 gratia
1042 728 1172 760 coelitus

482 776 622 816 Implens
649 784 687 807 ex
711 779 801 807 utero
829 776 940 816 (litiget
964 775 1109 816 amplius,

528 824 582 856 Illi
606 831 720 863 nempe
744 822 930 855 sacrabitur.

426 881 458 913 4.
484 879 530 912 Ut
554 880 642 921 virgo
668 882 796 912 maneat,
819 880 947 920 perpeti
971 886 1111 918 munere,

485 927 583 965 Quam
611 936 775 959 commune
799 927 879 958 nihil
905 929 1035 966 tangere
1061 926 1185 966 debeat,

483 974 573 1007 Haec
597 975 678 1007 <zoeli
703 974 840 1006 Domino
865 977 977 1006 sancta
1001 973 1160 1005 dicabitur

530 1022 575 1053 Et
598 1021 704 1053 Maria
729 1021 906 1055 vocabitur.

428 1080 458 1111 5.
485 1079 619 1110 Aeterni
643 1078 745 1117 patris
773 1078 852 1109 haec
877 1079 966 1117 virgo
990 1085 1150 1117 puerpera

486 1125 604 1158 Natum
631 1126 788 1165 concipiet
813 1129 907 1165 atque
929 1124 990 1156 viri
1016 1125 1085 1156 sine

488 1172 642 1205 Contactu
667 1173 780 1214 pariet,
808 1173 862 1213 qui
888 1172 1052 1211 reparabit
1075 1172 1154 1203 haec

534 1222 565 1253 A
591 1221 660 1252 dira
684 1228 762 1252 nece
786 1220 921 1252 saecula,

429 1278 460 1309 6.
485 1276 576 1309 Haec
602 1276 683 1308 dixit
706 1275 870 1319 Dominus,
899 1275 1047 1315 factaque
1071 1275 1239 1315 credimus,

488 1323 571 1356 Nam
594 1324 683 1363 virgo
708 1324 837 1364 peperit
859 1324 1010 1364 virgoque
1035 1331 1211 1363 permanet,

489 1370 585 1410 Cujus
610 1371 778 1411 terrigenis
805 1373 854 1402 est:
877 1371 1038 1411 generatio

537 1418 699 1457 Condigne
724 1418 924 1451 venerabilis,

429 1477 459 1507 7.
486 1474 630 1514 Oramus,
656 1474 802 1514 Domine,
830 1475 977 1507 conditor
1002 1474 1132 1514 optime,

486 1522 546 1561 Qui
567 1520 682 1553 festum
709 1522 841 1553 colimus
869 1522 999 1562 virginis
1023 1522 1178 1561 inclitum,

487 1568 554 1601 Fac
577 1578 634 1601 nos
658 1569 825 1609 concipere
848 1571 963 1609 mente,
989 1569 1073 1608 quod
1096 1567 1266 1609 approbas,

535 1616 674 1648 Fructus
700 1619 731 1648 et
754 1616 824 1656 pios
848 1616 985 1657 gignere.

430 1675 462 1706 8.
487 1672 587 1705 Nobis
613 1673 673 1705 hoc
696 1674 820 1714 genitor
846 1681 948 1705 annue
972 1674 1119 1713 maxime,

488 1720 558 1753 Hoc
585 1723 628 1757 tu,
656 1724 731 1752 nate
755 1720 816 1752 Dei
843 1723 874 1752 et
897 1721 977 1753 bone
1002 1721 1143 1761 spiritus,

489 1767 623 1800 Praesta
648 1770 812 1808 perpetuo,
838 1767 962 1810 fulgida
986 1769 1122 1811 trinitas,

535 1815 681 1855 Regnans
705 1817 810 1848 saecla
835 1824 893 1856 per
916 1817 1030 1848 omnia.

268 1873 352 1899 Brev.
373 1880 425 1899 ms.
445 1872 575 1899 Metense
597 1879 670 1899 naec.
694 1869 738 1899 14.
777 1870 845 1898 Cod.
867 1871 1068 1908 stuttgartien.
1090 1873 1152 1900 ΗΒ.
1174 1873 1189 1900 Ι
1208 1871 1275 1899 Asc.
1298 1870 1360 1900 103.
1378 1887 1417 1891 —
1430 1869 1455 1903 2,
1479 1870 1492 1898 1

192 1917 296 1945 praeco
317 1910 384 1938 diei.
406 1925 441 1929 -—
461 1908 488 1942 4,
511 1907 526 1935 1
546 1910 588 1937 Et
606 1911 702 1945 virgo:
723 1911 874 1945 perpetim.
894 1923 933 1928 -—
951 1908 978 1943 4,
1004 1908 1021 1936 2
1043 1911 1133 1944 Quem
1155 1918 1262 1937 numen
1281 1908 1366 1937 nihil.
1380 1924 1417 1928 —
1431 1907 1457 1942 5,
1477 1907 1496 1935 2

191 1949 250 1975 viri
269 1949 388 1976 semine.
409 1962 446 1966 —-
467 1947 492 1982 7,
513 1945 530 1974 3
551 1955 604 1974 nos
624 1947 704 1975 fehlt.
724 1963 762 1967 —
782 1945 808 1980 7,
829 1946 849 1975 4
869 1950 898 1974 et
916 1947 997 1975 fehlt.
1017 1962 1055 1966 —
1074 1945 1101 1980 8,
1121 1947 1142 1975 4
1161 1948 1286 1975 saecula.

598 2028 661 2059 106.
695 2028 736 2059 De
758 2028 972 2068 Compassione
994 2028 1081 2060 BMV.

730 2086 779 2115 Ad
799 2086 954 2124 Vesperas.

199 2139 227 2171 1.
257 2138 384 2180 Plange,
410 2139 513 2168 mater
535 2137 675 2176 pietatiS‚
872 2138 902 2169 2.
931 2136 1052 2177 Plange
1075 2146 1207 2180 mecum,
1232 2136 1327 2177 plebs
1350 2136 1467 2179 fidelis,

299 2185 401 2216 Tuum
426 2192 557 2216 cernens
583 2182 693 2224 filium,
976 2184 1101 2224 Hicque
1126 2184 1215 2216 illam
1240 2185 1336 2225 socia,

253 2234 495 2272 Praeceptorem
521 2231 673 2271 veritatis,
930 2232 977 2265 Ut
1000 2232 1044 2263 sis
1071 2240 1174 2264 comes
1201 2235 1231 2264 et
1255 2233 1289 2265 in
1315 2233 1423 2275 caelis,

299 2279 470 2320 Christum,
496 2282 583 2311 tuum
607 2278 717 2319 filium,
979 2281 1016 2313 In
1041 2280 1174 2319 perenni
1198 2280 1300 2321 gloria

250 2328 419 2361 Inauditae
443 2325 581 2359 feritatis
931 2328 996 2361 Pro
1023 2336 1130 2360 amaro
1155 2331 1249 2368 gustu
1273 2328 1359 2361 fenis

299 2375 398 2408 Trahi
424 2375 466 2408 ad
491 2373 691 2415 supplicium.
979 2375 1064 2408 Mira
1089 2385 1214 2409 sumens
1240 2377 1365 2418 gaudia.
