1653 2637
713 124 973 161 —288—

411 224 445 256 2.
466 222 585 255 Inclita
607 220 758 260 martyris
782 220 984 253 invictissimi

464 270 526 302 Tui
551 267 712 301 Vincentii
736 266 820 299 festa
844 267 1006 309 triumphi,

466 317 527 356 En,
555 316 684 348 colimus
708 314 762 354 pio
784 314 860 347 laeti
887 312 1085 345 commercio.

410 374 441 406 3.
465 373 552 405 Mira
577 371 753 404 constantia
777 371 855 402 vicit
879 370 992 413 omnia,

467 419 712 452 Perseverantia
737 418 860 457 sprevit
884 419 1052 455 tormenta,

468 468 576 499 Poena
599 475 672 497 nam
696 465 730 497 in
755 466 852 496 tantis
878 473 955 496 crux
979 467 1028 496 est
1052 463 1252 496 trucidantis.

409 524 442 556 4.
466 523 551 554 Huic
574 524 649 553 sunt
671 521 809 553 ridicula
832 521 944 552 mortis
969 520 1102 561 spicula,

466 570 565 609 Ignis,
592 568 754 607 craticula,
781 567 861 600 ferri
884 568 1016 609 lamina,

466 617 545 656 Igne
568 616 727 657 micantia,
755 616 867 648 crebro
892 616 1064 655 applicata.

410 674 441 705 5.
463 672 606 704 Tandem
631 672 795 704 emeritum
820 672 928 705 reddit
953 672 1111 712 spiritum,

463 721 585 752 Aurum
609 723 645 751 ut
669 720 852 759 septuplum
875 720 949 760 igne
973 718 1144 760 probatum

463 768 517 800 Ad
543 776 651 799 veram
676 767 814 807 patriam
838 767 1083 808 paradisiacam.

409 824 439 856 6.
461 824 541 864 Ejus
565 833 624 863 pro
650 824 771 855 meritis
796 825 859 855 tuis
884 822 1022 867 famulis,

463 872 522 910 Qui
547 872 612 903 suis
637 871 777 911 propriis
804 873 898 911 egent
921 871 953 902 in
979 870 1082 910 bonis,

465 919 552 960 Jesu,
580 919 665 950 vitae
691 918 792 961 dator,
820 919 865 950 sis
890 918 1095 957 propitiator.

411 975 442 1007 7.
467 974 515 1006 Sit
539 974 608 1006 laus
632 974 783 1015 ingenito,
810 974 983 1014 unigenito,

468 1021 619 1061 Patn'que
643 1021 720 1061 filio,
745 1021 910 1061 pneumati
934 1024 1044 1053 sancto

468 1069 602 1109 Aequali
627 1068 730 1109 gloria
753 1077 813 1108 per
836 1069 965 1101 saecula
992 1071 1116 1100 cuncta.

264 1142 374 1177 Hymn.
400 1152 453 1171 ms.
474 1143 686 1171 Sanblasianus
715 1151 791 1171 saec.
814 1141 857 1171 15.
899 1142 968 1170 God.
991 1143 1149 1179 Araugien.
1173 1141 1214 1169 W
1238 1138 1264 1168 8.
1291 1139 1336 1169 8<.
1362 1155 1400 1159 -—
1427 1138 1458 1174 2,
1487 1138 1502 1167 1

189 1181 331 1215 martyrii.
352 1194 390 1199 —-
410 1178 435 1215 27
457 1179 475 1208 2
494 1183 551 1209 Tui
571 1181 753 1210 Vincentius.
773 1196 811 1200 —
827 1179 853 1215 27
874 1178 892 1208 3
912 1190 964 1216 pro
986 1181 1066 1209 laeti.
1090 1195 1125 1199 —
1147 1180 1172 1215 6,
1196 1177 1211 1207 1
1233 1180 1269 1207 ob
1291 1179 1414 1206 meritis.

619 1301 684 1333 513.
715 1301 758 1333 De
777 1302 885 1333 saneto
907 1300 1080 1333 Vincentio.

189 1380 221 1413 1.
248 1380 301 1412 Ad
326 1381 453 1413 laudem
478 1381 562 1422 regis
588 1382 708 1422 gloriae
872 1382 905 1414 4.
931 1382 1096 1422 Torquens
1122 1389 1252 1419 praeses
1277 1389 1341 1412 non
1363 1378 1502 1420 proficit,

254 1426 375 1460 Chorus
400 1428 577 1467 praesentis
604 1429 710 1461 curiae
932 1429 1049 1461 Tortus
1074 1429 1166 1459 miles
1191 1436 1254 1459 non
1283 1427 1398 1469 deficit,

250 1473 313 1506 Sub
341 1476 426 1507 claro
452 1477 538 1508 vocis
564 1476 656 1507 sibilo
933 1476 998 1509 Sed
1022 1477 1107 1507 inter
1131 1475 1211 1507 haec
1237 1477 1269 1506 et
1293 1476 1358 1507 alia

250 1521 363 1554 Gordis
389 1524 526 1555 exsultet
546 1523 658 1562 jubilo.
933 1522 1052 1555 Christi
1080 1523 1192 1554 laudat
1216 1523 1386 1562 magnalia.

191 1580 220 1612 2.
250 1577 327 1610 Cum
352 1587 410 1619 per
435 1580 540 1611 carnis
565 1580 755 1619 supplicium
874 1581 906 1612 5.
933 1580 958 1612 O
985 1580 1133 1611 Vincenti
1158 1579 1370 1619 sanctissime,

249 1625 334 1657 Hinc
358 1626 400 1658 ad
425 1627 506 1658 coeli
529 1626 682 1666 palatium
932 1627 957 1659 Ο
982 1628 1086 1659 victor
1109 1626 1329 1668 invictissime,

246 1671 329 1705 Fide
353 1673 482 1706 vincens
508 1673 632 1705 felicius
931 1674 1015 1706 Tuos
1040 1676 1094 1705 tuo
1119 1673 1282 1713 praesidio

246 1719 372 1761 Martyr
396 1721 510 1753 transit
535 1720 733 1754 VincentiuS.
931 1721 1069 1754 Perenni
1091 1722 1189 1762 junge
1213 1721 1341 1761 gaudio.

190 1779 220 1810 3.
245 1777 342 1816 Quem
371 1787 434 1810 non
458 1779 536 1810 vicit
561 1778 720 1821 equuleus,
874 1779 904 1811 6.
932 1778 1001 1810 Deo
1026 1778 1113 1819 patri
1134 1777 1273 1820 filioque,

249 1824 374 1866 carcer,
403 1828 543 1866 catenae,
571 1826 689 1868 culeus,
931 1826 1092 1859 Paraclito
1119 1835 1188 1858 cum
1213 1828 1347 1866 utroque

248 1872 345 1912 Ignis,
372 1875 524 1905 testarum
550 1871 717 1917 fragmina,
932 1874 982 1906 Sit
1006 1875 1085 1913 laus,
1111 1875 1265 1913 potestas,
1289 1874 1401 1914 gloria,

251 1919 390 1960 Catasta,
416 1919 495 1952 ferri
519 1920 675 1953 maehina.
933 1922 1054 1959 Honor,
1080 1921 1193 1962 virtus,
1219 1921 1365 1954 victoria.

265 1993 385 2030 Antiph.
407 2003 459 2021 ms.
479 1995 651 2030 Tangi-ense
669 1996 720 2023 IV.
742 2003 818 2023 saec.
842 1994 885 2023 15.
906 2009 943 2014 —-
964 1997 1041 2024 Mel:
1063 1996 1131 2023 Jam
1153 1999 1215 2024 orto
1236 1996 1312 2024 lucis
1332 1997 1437 2024 sidere.

610 2114 670 2147 514.
700 2114 744 2145 De
764 2116 872 2147 saneto
891 2114 1065 2147 Vincentio.

686 2180 735 2210 Ad
756 2181 847 2219 Vesp.
869 2184 898 2212 et
916 2181 1002 2212 Noct.

194 2251 223 2283 1.
247 2249 409 2281 Aeternae
433 2249 500 2289 regi
524 2248 645 2288 gloriae
872 2252 903 2284 2.
931 2250 1039 2283 Fortis
1064 2252 1187 2284 athleta
1209 2251 1340 2285 Domini

251 2296 376 2328 Laudes
403 2305 472 2327 cum
499 2296 578 2328 coeli
604 2297 692 2328 curia
931 2298 1137 2331 Collaudetur
1164 2300 1358 2344 Vincentius,

249 2344 379 2376 Fideles
404 2343 530 2375 solvant
550 2342 645 2374 hodie
930 2346 990 2385 Qui
1009 2355 1077 2379 rem
1103 2346 1282 2380 conformat
1305 2350 1437 2392 nomini,

251 2393 313 2425 Pro
338 2390 488 2431 martyris
513 2391 658 2424 victoria.
931 2394 1043 2427 Victor
1071 2394 1176 2428 factus
1201 2398 1357 2438 egregius.
