1653 2637
733 114 993 150 --163ἡ

472 211 503 243 3.
530 209 644 243 Achab
668 211 770 251 iniqui
794 211 879 252 regis
904 213 1045 253 Israelis,

531 257 591 297 Qui
615 257 719 291 Deum
745 269 854 293 verum
881 261 1030 293 deserens
1056 260 1203 294 adhaesit

527 305 629 338 Idolis
654 307 745 340 vanis
772 308 839 340 zelo
866 308 1023 350 conjugali

575 353 653 386 Ritu
677 353 827 389 nefando.

468 430 500 462 4.
527 429 632 469 Hujus
656 431 816 471 propheta
840 430 964 472 fugiens
989 431 1128 464 furorem

528 477 655 510 Placuit
680 478 777 517 coelo,
803 478 886 511 bibit
911 479 951 511 de
975 482 1128 520 torrente,

526 525 625 564 Quem
653 534 747 557 mane
771 527 862 566 pavit
885 535 1080 567 vespereque
1106 535 1189 567 pane

574 573 710 605 Assecla
735 583 859 608 corvuS.

467 648 497 681 5.
524 648 606 680 Inde
629 649 784 681 recedens
809 649 877 682 abit
899 650 934 681 in
960 650 1137 691 Sareptam,

525 695 660 728 Rustica
683 696 770 736 ligna
793 697 922 737 legebat
944 697 1068 737 mulier,

527 743 662 776 Unicum
688 743 777 783 cujus
801 746 910 776 natum
936 744 975 777 ab
1000 743 1128 777 inferna

573 789 657 823 Sede
681 793 814 825 revexit.

466 867 497 898 6.
525 866 603 898 Post
626 867 686 899 hoc
712 875 856 908 egressus
882 868 925 899 ad
949 870 1123 900 torrentem
1150 867 1254 908 Cison,

523 914 606 947 Baal
630 914 814 947 sacerdotes
839 917 959 948 mactat
982 916 1156 955 universos,

524 961 588 994 Ore
612 961 744 994 resolvit
769 962 882 1006 coelos,
908 966 1015 995 terrae
1039 963 1169 995 madent

572 1008 680 1041 Imbre
704 1009 837 1042 salubri.

466 1085 497 1117 7.
522 1085 613 1117 Inter
636 1084 810 1125 prophetas
836 1089 930 1125 atque
954 1086 1153 1125 patriarchas

521 1131 637 1164 Furias
661 1133 773 1164 mortis
798 1135 930 1173 superat
950 1132 1052 1173 EliaS,

522 1179 671 1212 Vescitur
699 1179 809 1212 vivens
833 1180 918 1221 ligno
942 1180 1085 1220 paradisi

569 1227 775 1259 Deliciarum.

461 1305 493 1337 8.
521 1303 619 1344 Ungit
644 1304 816 1337 haeredem
839 1304 1002 1336 Elisaeum
1028 1313 1087 1343 pro
1112 1313 1158 1343 se,

520 1352 599 1385 Cum
624 1361 684 1392 quo
709 1350 853 1384 «Iordane
877 1354 1026 1391 superato
1052 1349 1149 1392 fatur,

518 1398 595 1431 Sese
617 1402 783 1431 venturum
809 1402 919 1430 contra
944 1398 1124 1432 Leviathan

566 1446 658 1479 Socio
684 1446 829 1479 Henoch.

461 1523 493 1555 9.
519 1523 604 1555 Dum
629 1523 711 1555 alter
736 1525 844 1556 vatum
868 1523 988 1555 insistit
1008 1523 1153 1565 loqucIiS,

516 1570 568 1603 Ab
593 1570 657 1603 alto
685 1579 796 1603 currus
821 1570 942 1603 labitur
966 1571 1088 1612 igneus,

515 1618 617 1658 Rapit
639 1619 745 1651 Eliam
773 1621 881 1651 vectus
906 1627 1004 1659 super
1021 1618 1089 1651 alta

564 1667 675 1699 Penna
698 1669 873 1699 ventorum.

433 1743 489 1775 10.
516 1744 552 1776 In
579 1744 748 1783 majestate
773 1743 877 1783 gratia
904 1742 1013 1774 divina

514 1791 646 1831 Moyses
671 1792 800 1822 sanctus
823 1798 914 1822 sacer
939 1793 969 1821 et
991 1790 1092 1830 Elias,

515 1838 656 1879 Fulgore
679 1837 757 1870 solis
783 1838 875 1872 ambo
900 1837 1074 1878 radiantes,

564 1886 726 1920 Christum
749 1886 895 1918 adorant.

432 1962 486 1996 11.
513 1963 624 1996 Sancti
647 1962 742 1995 Eliae
765 1962 915 2003 precibus
938 1963 1084 2001 placatus

512 2011 579 2044 Nos
606 2011 750 2051 expiatos
774 2010 849 2043 labe
869 2010 1067 2051 delictorum,

512 2059 640 2093 Christe
663 2058 858 2099 redemptor,
884 2061 1016 2099 praesta
1039 2067 1099 2097 pro
1127 2058 1250 2090 meritis

559 2107 705 2149 Regnum
734 2107 891 2148 polorum.

258 2185 343 2213 Brev.
363 2193 417 2212 ms.
430 2184 561 2212 Albense
574 2191 651 2212 saec.
669 2181 712 2211 15.
744 2178 815 2210 Ood.
829 2182 1007 2210 Lambaeen.
1022 2180 1189 2210 LXXXIX.
1210 2196 1245 2200 -
1262 2179 1286 2216 1,
1308 2179 1326 2208 2
1341 2181 1455 2210 devote.
1470 2196 1507 2200 —

183 2222 216 2257 2,
238 2220 256 2251 3
278 2224 340 2252 Ubi
359 2223 470 2252 zebelis
490 2222 576 2259 impii
595 2222 731 2251 furorem.
752 2236 790 2240 —
808 2218 843 2255 2,
863 2219 882 2248 4
900 2221 972 2249 Fert
993 2221 1148 2249 decretum.
1171 2234 1207 2239 —-
1228 2217 1255 2255 3,
1279 2219 1292 2249 1
1315 2221 1339 2249 O
1361 2229 1449 2257 quam
1470 2220 1506 2248 ab

183 2261 283 2298 inquit
305 2262 392 2298 regis.
420 2278 456 2282 —
484 2258 515 2296 3,
543 2259 563 2288 4
584 2261 694 2289 Ritum.
721 2276 759 2281 -—
784 2257 819 2295 4,
849 2258 868 2286 2
887 2259 1006 2287 Placuit
1032 2259 1067 2288 de
1094 2258 1185 2287 coelo.
1207 2273 1244 2277 —
1274 2258 1308 2293 4,
1336 2257 1356 2286 4
1375 2258 1401 2287 A
1430 2267 1467 2286 son
1479 2259 1510 2286 la

183 2300 314 2328 thronus.
335 2314 374 2319 —-
393 2298 420 2334 5,
441 2297 460 2326 2
472 2300 599 2327 Nustica
617 2300 727 2335 ling-ua.
750 2312 788 2317 -—
808 2296 833 2331 6,
856 2296 874 2324 2
892 2297 990 2326 fehlen
1014 2299 1075 2326 viei-
1094 2297 1165 2325 oder
1178 2298 1246 2325 fiius
1255 2297 1366 2332 Silben,
1385 2297 1507 2333 jenach-

183 2338 248 2366 dem
274 2338 350 2366 Baal
384 2340 432 2366 ein
457 2337 527 2366 oder
554 2338 720 2373 zweisilbig
746 2344 934 2373 genommen3
969 2337 1093 2373 erg'anze
1118 2336 1302 2372 sacerdotes,
1338 2337 1507 2373 prophetas,

182 2377 353 2404 ministros?
373 2391 412 2396 -—
433 2374 460 2410 8,
486 2373 501 2404 1
521 2376 678 2404 haeredem
696 2376 802 2404 Helias
822 2383 875 2411 pro
896 2382 936 2401 se.
957 2389 994 2393 —-
1016 2372 1044 2409 8,
1064 2373 1082 2403 2
1100 2373 1171 2402 Cum
1192 2374 1273 2402 fehlt.
1294 2390 1332 2394 —
1352 2373 1380 2408 9,
1401 2373 1416 2402 1
1435 2375 1507 2403 Cum

181 2415 230 2443 hie
250 2413 326 2442 alter
345 2417 447 2442 vatum
467 2415 561 2442 instit.
586 2429 620 2434 —-
642 2412 667 2449 9,
689 2411 708 2441 2
727 2414 847 2442 laborat
865 2413 978 2449 igneus.
1004 2427 1037 2431 —
1062 2412 1105 2449 10,
1127 2410 1145 2440 2
1165 2413 1302 2442 sacerdos
1323 2416 1353 2441 et
1373 2413 1466 2441 Elias.

1276 2459 1333 2489 11*
