<?xml version="1.0" encoding="UTF-8"?>
<!DOCTYPE html PUBLIC "-//W3C//DTD XHTML 1.0 Transitional//EN"
    "http://www.w3.org/TR/xhtml1/DTD/xhtml1-transitional.dtd">
<html xmlns="http://www.w3.org/1999/xhtml" xml:lang="en" lang="en">
 <head>
  <title>
</title>
<meta http-equiv="Content-Type" content="text/html;charset=utf-8" />
  <meta name='ocr-system' content='tesseract 3.04.00' />
  <meta name='ocr-capabilities' content='ocr_page ocr_carea ocr_par ocr_line ocrx_word'/>
</head>
<body>
  <div class='ocr_page' id='page_1' title='image "./analectahymnica23drevuoft_00079.png"; bbox 0 0 1653 2637; ppageno 0'>
   <div class='ocr_carea' id='block_1_1' title="bbox 704 120 936 157">
    <p class='ocr_par' dir='ltr' id='par_1_1' title="bbox 704 120 936 157">
     <span class='ocr_line' id='line_1_1' title="bbox 704 120 936 157; baseline 0 -10"><span class='ocrx_word' id='word_1_1' title='bbox 704 120 936 157; x_wconf 72' lang='grc'>-76-</span> 
     </span>
    </p>
   </div>
   <div class='ocr_carea' id='block_1_2' title="bbox 169 215 1473 518">
    <p class='ocr_par' dir='ltr' id='par_1_2' title="bbox 169 215 1473 518">
     <span class='ocr_line' id='line_1_2' title="bbox 171 215 1470 253; baseline 0.001 -11"><span class='ocrx_word' id='word_1_2' title='bbox 171 215 248 251; x_wconf 80' lang='lat' dir='ltr'><strong>apud</strong></span> <span class='ocrx_word' id='word_1_3' title='bbox 273 216 434 244; x_wconf 72' lang='lat' dir='ltr'><strong>Lateranas</strong></span> <span class='ocrx_word' id='word_1_4' title='bbox 468 219 709 253; x_wconf 81' lang='lat' dir='ltr'><strong>superpositaque</strong></span> <span class='ocrx_word' id='word_1_5' title='bbox 739 217 841 245; x_wconf 83' lang='lat' dir='ltr'><strong>tabula</strong></span> <span class='ocrx_word' id='word_1_6' title='bbox 873 218 1002 252; x_wconf 80' lang='lat' dir='ltr'>imagine</span> <span class='ocrx_word' id='word_1_7' title='bbox 1028 215 1134 245; x_wconf 79' lang='lat' dir='ltr'>Christi</span> <span class='ocrx_word' id='word_1_8' title='bbox 1160 218 1280 245; x_wconf 85' lang='lat' dir='ltr'><strong>Domini</strong></span> <span class='ocrx_word' id='word_1_9' title='bbox 1309 218 1402 244; x_wconf 83' lang='lat' dir='ltr'><strong>nostri</strong></span> <span class='ocrx_word' id='word_1_10' title='bbox 1426 218 1470 244; x_wconf 82' lang='lat' dir='ltr'><strong>in-</strong></span> 
     </span>
     <span class='ocr_line' id='line_1_3' title="bbox 171 254 1471 291; baseline 0 -10"><span class='ocrx_word' id='word_1_11' title='bbox 171 254 282 289; x_wconf 86' lang='lat' dir='ltr'><strong>signita</strong></span> <span class='ocrx_word' id='word_1_12' title='bbox 294 262 312 281; x_wconf 85' lang='lat' dir='ltr'><strong>a</strong></span> <span class='ocrx_word' id='word_1_13' title='bbox 321 254 416 282; x_wconf 87' lang='lat' dir='ltr'><strong>medio</strong></span> <span class='ocrx_word' id='word_1_14' title='bbox 426 255 520 282; x_wconf 88' lang='lat' dir='ltr'><strong>noctis</strong></span> <span class='ocrx_word' id='word_1_15' title='bbox 531 258 718 283; x_wconf 77' lang='lat' dir='ltr'>concurrente</span> <span class='ocrx_word' id='word_1_16' title='bbox 728 256 835 291; x_wconf 84' lang='lat' dir='ltr'><strong>populo</strong></span> <span class='ocrx_word' id='word_1_17' title='bbox 847 257 954 283; x_wconf 80' lang='lat' dir='ltr'><strong>exeunt</strong></span> <span class='ocrx_word' id='word_1_18' title='bbox 963 264 1027 282; x_wconf 86' lang='lat' dir='ltr'><strong>cum</strong></span> <span class='ocrx_word' id='word_1_19' title='bbox 1037 255 1149 283; x_wconf 80' lang='lat' dir='ltr'><strong>letania</strong></span> <span class='ocrx_word' id='word_1_20' title='bbox 1158 255 1195 284; x_wconf 83' lang='lat' dir='ltr'><strong>ad</strong></span> <span class='ocrx_word' id='word_1_21' title='bbox 1205 258 1335 283; x_wconf 74' lang='lat' dir='ltr'><strong>sanctam</strong></span> <span class='ocrx_word' id='word_1_22' title='bbox 1346 256 1471 282; x_wconf 77' lang='lat' dir='ltr'><strong>Mariam</strong></span> 
     </span>
     <span class='ocr_line' id='line_1_4' title="bbox 170 292 1473 329; baseline 0 -11"><span class='ocrx_word' id='word_1_23' title='bbox 170 293 310 319; x_wconf 85' lang='lat' dir='ltr'><strong>minorem</strong></span> <span class='ocrx_word' id='word_1_24' title='bbox 335 292 480 320; x_wconf 80' lang='lat' dir='ltr'><strong>mundatis</strong></span> <span class='ocrx_word' id='word_1_25' title='bbox 507 295 656 328; x_wconf 79' lang='lat' dir='ltr'><strong>praeviam</strong></span> <span class='ocrx_word' id='word_1_26' title='bbox 680 293 787 329; x_wconf 80' lang='lat' dir='ltr'><strong>plateis</strong></span> <span class='ocrx_word' id='word_1_27' title='bbox 813 296 842 320; x_wconf 91' lang='lat' dir='ltr'><strong>et</strong></span> <span class='ocrx_word' id='word_1_28' title='bbox 863 294 1013 328; x_wconf 73' lang='lat' dir='ltr'><strong>suspensis</strong></span> <span class='ocrx_word' id='word_1_29' title='bbox 1032 301 1084 329; x_wconf 81' lang='lat' dir='ltr'><strong>per</strong></span> <span class='ocrx_word' id='word_1_30' title='bbox 1103 294 1204 321; x_wconf 83' lang='lat' dir='ltr'><strong>domos</strong></span> <span class='ocrx_word' id='word_1_31' title='bbox 1223 294 1351 321; x_wconf 71' lang='lat' dir='ltr'><strong>lucernis</strong></span> <span class='ocrx_word' id='word_1_32' title='bbox 1371 294 1473 329; x_wconf 84' lang='lat' dir='ltr'><strong>ibique</strong></span> 
     </span>
     <span class='ocr_line' id='line_1_5' title="bbox 169 329 1471 367; baseline 0.002 -12"><span class='ocrx_word' id='word_1_33' title='bbox 169 330 202 356; x_wconf 90' lang='lat' dir='ltr'><strong>in</strong></span> <span class='ocrx_word' id='word_1_34' title='bbox 220 329 360 366; x_wconf 81' lang='lat' dir='ltr'><strong>gradibus</strong></span> <span class='ocrx_word' id='word_1_35' title='bbox 379 333 499 358; x_wconf 85' lang='lat' dir='ltr'><strong>sanctae</strong></span> <span class='ocrx_word' id='word_1_36' title='bbox 513 331 626 359; x_wconf 80' lang='lat' dir='ltr'><strong>Mariae</strong></span> <span class='ocrx_word' id='word_1_37' title='bbox 645 331 779 366; x_wconf 82' lang='lat' dir='ltr'><strong>deposita</strong></span> <span class='ocrx_word' id='word_1_38' title='bbox 798 330 979 367; x_wconf 78' lang='lat' dir='ltr'><strong>aliquamdiu</strong></span> <span class='ocrx_word' id='word_1_39' title='bbox 996 332 1082 359; x_wconf 80' lang='lat' dir='ltr'><strong>icona</strong></span> <span class='ocrx_word' id='word_1_40' title='bbox 1102 332 1196 359; x_wconf 79' lang='lat' dir='ltr'><strong>omnis</strong></span> <span class='ocrx_word' id='word_1_41' title='bbox 1217 332 1321 359; x_wconf 85' lang='lat' dir='ltr'><strong>chorus</strong></span> <span class='ocrx_word' id='word_1_42' title='bbox 1341 332 1471 358; x_wconf 79' lang='lat' dir='ltr'><strong>virorum</strong></span> 
     </span>
     <span class='ocr_line' id='line_1_6' title="bbox 170 368 1471 405; baseline 0.001 -11"><span class='ocrx_word' id='word_1_43' title='bbox 170 375 206 394; x_wconf 81' lang='lat' dir='ltr'><strong>ac</strong></span> <span class='ocrx_word' id='word_1_44' title='bbox 224 368 378 396; x_wconf 73' lang='lat' dir='ltr'><strong>mulierum</strong></span> <span class='ocrx_word' id='word_1_45' title='bbox 398 369 522 404; x_wconf 76' lang='lat' dir='ltr'><strong>genibus</strong></span> <span class='ocrx_word' id='word_1_46' title='bbox 541 369 690 396; x_wconf 83' lang='lat' dir='ltr'><strong>humiliter</strong></span> <span class='ocrx_word' id='word_1_47' title='bbox 710 371 776 396; x_wconf 84' lang='lat' dir='ltr'><strong>ante</strong></span> <span class='ocrx_word' id='word_1_48' title='bbox 789 376 854 395; x_wconf 84' lang='lat' dir='ltr'><strong>eam</strong></span> <span class='ocrx_word' id='word_1_49' title='bbox 865 369 949 396; x_wconf 80' lang='lat' dir='ltr'><strong>flexis</strong></span> <span class='ocrx_word' id='word_1_50' title='bbox 962 370 1068 404; x_wconf 82' lang='lat' dir='ltr'><strong>pugnis</strong></span> <span class='ocrx_word' id='word_1_51' title='bbox 1082 371 1171 397; x_wconf 84' lang='lat' dir='ltr'><strong>etiam</strong></span> <span class='ocrx_word' id='word_1_52' title='bbox 1183 373 1304 405; x_wconf 80' lang='lat' dir='ltr'><strong>pectora</strong></span> <span class='ocrx_word' id='word_1_53' title='bbox 1316 369 1471 396; x_wconf 76' lang='lat' dir='ltr'><strong>caedentes</strong></span> 
     </span>
     <span class='ocr_line' id='line_1_7' title="bbox 169 406 1471 442; baseline 0 -10"><span class='ocrx_word' id='word_1_54' title='bbox 169 413 230 432; x_wconf 88' lang='lat' dir='ltr'><strong>una</strong></span> <span class='ocrx_word' id='word_1_55' title='bbox 246 413 318 433; x_wconf 81' lang='lat' dir='ltr'><strong>voce</strong></span> <span class='ocrx_word' id='word_1_56' title='bbox 336 415 388 442; x_wconf 82' lang='lat' dir='ltr'><strong>per</strong></span> <span class='ocrx_word' id='word_1_57' title='bbox 407 415 557 434; x_wconf 75' lang='lat' dir='ltr'><strong>numerum</strong></span> <span class='ocrx_word' id='word_1_58' title='bbox 577 406 677 433; x_wconf 83' lang='lat' dir='ltr'><strong>dicunt</strong></span> <span class='ocrx_word' id='word_1_59' title='bbox 695 408 803 433; x_wconf 78' lang='lat' dir='ltr'><strong>centies</strong></span> <span class='ocrx_word' id='word_1_60' title='bbox 822 406 914 441; x_wconf 79' lang='lat' dir='ltr'><strong>Kyrie</strong></span> <span class='ocrx_word' id='word_1_61' title='bbox 935 406 1061 440; x_wconf 88' lang='lat' dir='ltr'><strong>eleison,</strong></span> <span class='ocrx_word' id='word_1_62' title='bbox 1086 409 1194 435; x_wconf 84' lang='lat' dir='ltr'><strong>centies</strong></span> <span class='ocrx_word' id='word_1_63' title='bbox 1216 407 1329 435; x_wconf 81' lang='lat' dir='ltr'><strong>Christe</strong></span> <span class='ocrx_word' id='word_1_64' title='bbox 1351 407 1471 439; x_wconf 82' lang='lat' dir='ltr'><strong>eleison,</strong></span> 
     </span>
     <span class='ocr_line' id='line_1_8' title="bbox 169 443 1471 480; baseline 0.001 -11"><span class='ocrx_word' id='word_1_65' title='bbox 169 444 239 470; x_wconf 85' lang='lat' dir='ltr'><strong>item</strong></span> <span class='ocrx_word' id='word_1_66' title='bbox 258 445 366 472; x_wconf 81' lang='lat' dir='ltr'><strong>centies</strong></span> <span class='ocrx_word' id='word_1_67' title='bbox 379 444 471 478; x_wconf 83' lang='lat' dir='ltr'><strong>Kyrie</strong></span> <span class='ocrx_word' id='word_1_68' title='bbox 490 443 600 471; x_wconf 83' lang='lat' dir='ltr'><strong>eleison</strong></span> <span class='ocrx_word' id='word_1_69' title='bbox 619 445 749 479; x_wconf 88' lang='lat' dir='ltr'><strong>fusisque</strong></span> <span class='ocrx_word' id='word_1_70' title='bbox 762 443 891 471; x_wconf 82' lang='lat' dir='ltr'><strong>lacrimis</strong></span> <span class='ocrx_word' id='word_1_71' title='bbox 905 446 936 470; x_wconf 85' lang='lat' dir='ltr'><strong>et</strong></span> <span class='ocrx_word' id='word_1_72' title='bbox 949 445 1083 477; x_wconf 66' lang='lat' dir='ltr'><strong>precibus</strong></span> <span class='ocrx_word' id='word_1_73' title='bbox 1098 454 1148 480; x_wconf 88' lang='lat' dir='ltr'><strong>per</strong></span> <span class='ocrx_word' id='word_1_74' title='bbox 1163 449 1294 472; x_wconf 77' lang='lat' dir='ltr'><strong>sanetum</strong></span> <span class='ocrx_word' id='word_1_75' title='bbox 1309 445 1471 472; x_wconf 82' lang='lat' dir='ltr'><strong>Adrianum</strong></span> 
     </span>
     <span class='ocr_line' id='line_1_9' title="bbox 169 481 1471 518; baseline 0.001 -10"><span class='ocrx_word' id='word_1_76' title='bbox 169 484 249 508; x_wconf 83' lang='lat' dir='ltr'><strong>recta</strong></span> <span class='ocrx_word' id='word_1_77' title='bbox 279 483 329 509; x_wconf 81' lang='lat' dir='ltr'><strong>via</strong></span> <span class='ocrx_word' id='word_1_78' title='bbox 360 481 468 508; x_wconf 72' lang='lat' dir='ltr'><strong>vadunt</strong></span> <span class='ocrx_word' id='word_1_79' title='bbox 493 482 530 509; x_wconf 81' lang='lat' dir='ltr'><strong>acl</strong></span> <span class='ocrx_word' id='word_1_80' title='bbox 557 482 683 508; x_wconf 81' lang='lat' dir='ltr'><strong>Mariam</strong></span> <span class='ocrx_word' id='word_1_81' title='bbox 706 481 845 515; x_wconf 87' lang='lat' dir='ltr'><strong>majorem</strong></span> <span class='ocrx_word' id='word_1_82' title='bbox 870 481 1027 518; x_wconf 84' lang='lat' dir='ltr'><strong>auditaque</strong></span> <span class='ocrx_word' id='word_1_83' title='bbox 1054 484 1210 511; x_wconf 85' lang='lat' dir='ltr'><strong>missarum</strong></span> <span class='ocrx_word' id='word_1_84' title='bbox 1239 483 1408 511; x_wconf 78' lang='lat' dir='ltr'><strong>celebritate</strong></span> <span class='ocrx_word' id='word_1_85' title='bbox 1434 482 1471 510; x_wconf 78' lang='lat' dir='ltr'><strong>ad</strong></span> 
     </span>
    </p>
   </div>
   <div class='ocr_carea' id='block_1_3' title="bbox 169 516 540 554">
    <p class='ocr_par' dir='ltr' id='par_1_3' title="bbox 169 516 540 554">
     <span class='ocr_line' id='line_1_10' title="bbox 169 516 540 554; baseline 0 -8"><span class='ocrx_word' id='word_1_86' title='bbox 169 520 311 554; x_wconf 83' lang='lat' dir='ltr'><strong>palatium</strong></span> <span class='ocrx_word' id='word_1_87' title='bbox 331 516 540 546; x_wconf 75' lang='lat' dir='ltr'><strong>revertunt-ur.u</strong></span> 
     </span>
    </p>
   </div>
   <div class='ocr_carea' id='block_1_4' title="bbox 588 685 1050 726">
    <p class='ocr_par' dir='ltr' id='par_1_4' title="bbox 588 685 1050 726">
     <span class='ocr_line' id='line_1_11' title="bbox 588 685 1050 726; baseline -0.002 -9"><span class='ocrx_word' id='word_1_88' title='bbox 588 685 640 717; x_wconf 80' lang='lat'><strong>116.</strong></span> <span class='ocrx_word' id='word_1_89' title='bbox 672 685 708 717; x_wconf 83' lang='lat'><strong>111</strong></span> <span class='ocrx_word' id='word_1_90' title='bbox 727 686 944 726; x_wconf 76' lang='lat' dir='ltr'><strong>Assumptione</strong></span> <span class='ocrx_word' id='word_1_91' title='bbox 963 686 1050 719; x_wconf 74' lang='lat' dir='ltr'><strong>BMV.</strong></span> 
     </span>
    </p>
   </div>
   <div class='ocr_carea' id='block_1_5' title="bbox 171 764 709 947">
    <p class='ocr_par' dir='ltr' id='par_1_5' title="bbox 171 764 709 947">
     <span class='ocr_line' id='line_1_12' title="bbox 171 764 627 808; baseline -0.004 -9"><span class='ocrx_word' id='word_1_92' title='bbox 171 766 202 799; x_wconf 81' lang='lat'><strong>1.</strong></span> <span class='ocrx_word' id='word_1_93' title='bbox 228 764 348 806; x_wconf 80' lang='lat' dir='ltr'><strong>Gaude,</strong></span> <span class='ocrx_word' id='word_1_94' title='bbox 375 766 485 806; x_wconf 81' lang='lat' dir='ltr'><strong>regina</strong></span> <span class='ocrx_word' id='word_1_95' title='bbox 506 765 627 808; x_wconf 77' lang='lat' dir='ltr'><strong>inclita,</strong></span> 
     </span>
     <span class='ocr_line' id='line_1_13' title="bbox 226 812 623 853; baseline 0 -8"><span class='ocrx_word' id='word_1_96' title='bbox 226 812 311 845; x_wconf 87' lang='lat' dir='ltr'><strong>Nata</strong></span> <span class='ocrx_word' id='word_1_97' title='bbox 337 813 377 844; x_wconf 86' lang='lat' dir='ltr'><strong>de</strong></span> <span class='ocrx_word' id='word_1_98' title='bbox 400 813 501 853; x_wconf 87' lang='lat' dir='ltr'><strong>stirpe</strong></span> <span class='ocrx_word' id='word_1_99' title='bbox 525 814 623 853; x_wconf 84' lang='lat' dir='ltr'><strong>regia,</strong></span> 
     </span>
     <span class='ocr_line' id='line_1_14' title="bbox 227 860 709 899; baseline -0.004 -6"><span class='ocrx_word' id='word_1_100' title='bbox 227 860 362 899; x_wconf 79' lang='lat' dir='ltr'><strong>Campos</strong></span> <span class='ocrx_word' id='word_1_101' title='bbox 386 861 495 893; x_wconf 85' lang='lat' dir='ltr'><strong>mundi</strong></span> <span class='ocrx_word' id='word_1_102' title='bbox 521 860 709 892; x_wconf 83' lang='lat' dir='ltr'><strong>convallium</strong></span> 
     </span>
     <span class='ocr_line' id='line_1_15' title="bbox 227 907 661 947; baseline -0.002 -7"><span class='ocrx_word' id='word_1_103' title='bbox 227 907 350 940; x_wconf 87' lang='lat' dir='ltr'><strong>Ornans</strong></span> <span class='ocrx_word' id='word_1_104' title='bbox 373 908 525 939; x_wconf 72' lang='lat' dir='ltr'><strong>virtutum</strong></span> <span class='ocrx_word' id='word_1_105' title='bbox 550 909 661 947; x_wconf 82' lang='lat' dir='ltr'><strong>gratia.</strong></span> 
     </span>
    </p>
   </div>
   <div class='ocr_carea' id='block_1_6' title="bbox 170 974 705 1148">
    <p class='ocr_par' dir='ltr' id='par_1_6' title="bbox 170 974 705 1148">
     <span class='ocr_line' id='line_1_16' title="bbox 170 974 678 1007; baseline -0.004 0"><span class='ocrx_word' id='word_1_106' title='bbox 170 976 201 1007; x_wconf 84' lang='lat'><strong>2.</strong></span> <span class='ocrx_word' id='word_1_107' title='bbox 226 974 279 1006; x_wconf 86' lang='lat' dir='ltr'><strong>Ad</strong></span> <span class='ocrx_word' id='word_1_108' title='bbox 304 976 336 1005; x_wconf 90' lang='lat' dir='ltr'><strong>te</strong></span> <span class='ocrx_word' id='word_1_109' title='bbox 362 982 452 1006; x_wconf 86' lang='lat' dir='ltr'><strong>voces</strong></span> <span class='ocrx_word' id='word_1_110' title='bbox 478 975 678 1006; x_wconf 83' lang='lat' dir='ltr'><strong>clamantium</strong></span> 
     </span>
     <span class='ocr_line' id='line_1_17' title="bbox 225 1020 622 1064; baseline 0.003 -12"><span class='ocrx_word' id='word_1_111' title='bbox 225 1020 362 1064; x_wconf 81' lang='lat' dir='ltr'><strong>Exaudi,</strong></span> <span class='ocrx_word' id='word_1_112' title='bbox 391 1021 622 1063; x_wconf 72' lang='lat' dir='ltr'><strong>benignissima,</strong></span> 
     </span>
     <span class='ocr_line' id='line_1_18' title="bbox 227 1067 705 1109; baseline -0.002 -8"><span class='ocrx_word' id='word_1_113' title='bbox 227 1069 330 1107; x_wconf 87' lang='lat' dir='ltr'><strong>Super</strong></span> <span class='ocrx_word' id='word_1_114' title='bbox 354 1067 483 1100; x_wconf 85' lang='lat' dir='ltr'><strong>thronos</strong></span> <span class='ocrx_word' id='word_1_115' title='bbox 508 1068 705 1109; x_wconf 84' lang='lat' dir='ltr'><strong>regnantium</strong></span> 
     </span>
     <span class='ocr_line' id='line_1_19' title="bbox 225 1115 567 1148; baseline 0.003 -1"><span class='ocrx_word' id='word_1_116' title='bbox 225 1115 361 1148; x_wconf 86' lang='lat' dir='ltr'><strong>Elevata</strong></span> <span class='ocrx_word' id='word_1_117' title='bbox 385 1116 567 1148; x_wconf 80' lang='lat' dir='ltr'><strong>clarissima.</strong></span> 
     </span>
    </p>
   </div>
   <div class='ocr_carea' id='block_1_7' title="bbox 850 764 1354 951">
    <p class='ocr_par' dir='ltr' id='par_1_7' title="bbox 850 764 1354 951">
     <span class='ocr_line' id='line_1_20' title="bbox 850 764 1325 807; baseline 0.002 -8"><span class='ocrx_word' id='word_1_118' title='bbox 850 767 882 799; x_wconf 82' lang='lat'><strong>3.</strong></span> <span class='ocrx_word' id='word_1_119' title='bbox 907 766 1031 806; x_wconf 77' lang='lat' dir='ltr'><strong>Regina</strong></span> <span class='ocrx_word' id='word_1_120' title='bbox 1052 768 1164 800; x_wconf 80' lang='lat' dir='ltr'><strong>mundi</strong></span> <span class='ocrx_word' id='word_1_121' title='bbox 1187 764 1325 807; x_wconf 73' lang='lat' dir='ltr'><strong>domina,</strong></span> 
     </span>
     <span class='ocr_line' id='line_1_21' title="bbox 905 813 1354 853; baseline 0.004 -8"><span class='ocrx_word' id='word_1_122' title='bbox 905 813 1010 853; x_wconf 84' lang='lat' dir='ltr'><strong>Supra</strong></span> <span class='ocrx_word' id='word_1_123' title='bbox 1034 814 1192 847; x_wconf 82' lang='lat' dir='ltr'><strong>coelorum</strong></span> <span class='ocrx_word' id='word_1_124' title='bbox 1218 816 1354 847; x_wconf 83' lang='lat' dir='ltr'><strong>culmina</strong></span> 
     </span>
     <span class='ocr_line' id='line_1_22' title="bbox 906 860 1336 903; baseline 0.007 -11"><span class='ocrx_word' id='word_1_125' title='bbox 906 860 1039 893; x_wconf 85' lang='lat' dir='ltr'><strong>Sublimi</strong></span> <span class='ocrx_word' id='word_1_126' title='bbox 1065 870 1200 902; x_wconf 86' lang='lat' dir='ltr'><strong>regnans</strong></span> <span class='ocrx_word' id='word_1_127' title='bbox 1224 863 1336 903; x_wconf 85' lang='lat' dir='ltr'><strong>gloria,</strong></span> 
     </span>
     <span class='ocr_line' id='line_1_23' title="bbox 907 907 1350 951; baseline 0.007 -12"><span class='ocrx_word' id='word_1_128' title='bbox 907 907 978 939; x_wconf 84' lang='lat' dir='ltr'><strong>Duc</strong></span> <span class='ocrx_word' id='word_1_129' title='bbox 1000 918 1058 941; x_wconf 88' lang='lat' dir='ltr'><strong>nos</strong></span> <span class='ocrx_word' id='word_1_130' title='bbox 1080 910 1122 941; x_wconf 85' lang='lat' dir='ltr'><strong>ad</strong></span> <span class='ocrx_word' id='word_1_131' title='bbox 1146 914 1202 942; x_wconf 88' lang='lat' dir='ltr'><strong>tua</strong></span> <span class='ocrx_word' id='word_1_132' title='bbox 1225 910 1350 951; x_wconf 80' lang='lat' dir='ltr'><strong>gaudia.</strong></span> 
     </span>
    </p>
   </div>
   <div class='ocr_carea' id='block_1_8' title="bbox 847 975 1354 1017">
    <p class='ocr_par' dir='ltr' id='par_1_8' title="bbox 847 975 1354 1017">
     <span class='ocr_line' id='line_1_24' title="bbox 847 975 1354 1017; baseline 0.006 -11"><span class='ocrx_word' id='word_1_133' title='bbox 847 976 879 1006; x_wconf 84' lang='lat'><strong>4.</strong></span> <span class='ocrx_word' id='word_1_134' title='bbox 903 975 1080 1015; x_wconf 88' lang='lat' dir='ltr'><strong>Assumpta</strong></span> <span class='ocrx_word' id='word_1_135' title='bbox 1105 985 1202 1016; x_wconf 85' lang='lat' dir='ltr'><strong>supra</strong></span> <span class='ocrx_word' id='word_1_136' title='bbox 1226 977 1354 1017; x_wconf 85' lang='lat' dir='ltr'><strong>angelos</strong></span> 
     </span>
    </p>
   </div>
   <div class='ocr_carea' id='block_1_9' title="bbox 904 1021 1398 1152">
    <p class='ocr_par' dir='ltr' id='par_1_9' title="bbox 904 1021 1398 1152">
     <span class='ocr_line' id='line_1_25' title="bbox 906 1021 1398 1064; baseline 0.006 -11"><span class='ocrx_word' id='word_1_137' title='bbox 906 1021 955 1053; x_wconf 86' lang='lat' dir='ltr'><strong>Sis</strong></span> <span class='ocrx_word' id='word_1_138' title='bbox 980 1031 1099 1054; x_wconf 88' lang='lat' dir='ltr'><strong>memor</strong></span> <span class='ocrx_word' id='word_1_139' title='bbox 1124 1024 1236 1064; x_wconf 78' lang='lat' dir='ltr'><strong>nostri,</strong></span> <span class='ocrx_word' id='word_1_140' title='bbox 1262 1025 1398 1057; x_wconf 87' lang='lat' dir='ltr'><strong>domina.</strong></span> 
     </span>
     <span class='ocr_line' id='line_1_26' title="bbox 904 1068 1302 1111; baseline 0.005 -10"><span class='ocrx_word' id='word_1_141' title='bbox 904 1069 1022 1101; x_wconf 84' lang='lat' dir='ltr'><strong>Hostes</strong></span> <span class='ocrx_word' id='word_1_142' title='bbox 1048 1068 1123 1111; x_wconf 79' lang='lat' dir='ltr'><strong>fuga</strong></span> <span class='ocrx_word' id='word_1_143' title='bbox 1145 1073 1302 1103; x_wconf 86' lang='lat' dir='ltr'><strong>tartareos</strong></span> 
     </span>
     <span class='ocr_line' id='line_1_27' title="bbox 906 1116 1348 1152; baseline 0.007 -4"><span class='ocrx_word' id='word_1_144' title='bbox 906 1116 951 1149; x_wconf 83' lang='lat' dir='ltr'><strong>Et</strong></span> <span class='ocrx_word' id='word_1_145' title='bbox 976 1118 1048 1150; x_wconf 87' lang='lat' dir='ltr'><strong>dele</strong></span> <span class='ocrx_word' id='word_1_146' title='bbox 1071 1121 1181 1151; x_wconf 87' lang='lat' dir='ltr'><strong>nostra</strong></span> <span class='ocrx_word' id='word_1_147' title='bbox 1206 1120 1348 1152; x_wconf 79' lang='lat' dir='ltr'><strong>crimina.</strong></span> 
     </span>
    </p>
   </div>
   <div class='ocr_carea' id='block_1_10' title="bbox 554 1182 1055 1366">
    <p class='ocr_par' dir='ltr' id='par_1_10' title="bbox 554 1182 1055 1366">
     <span class='ocr_line' id='line_1_28' title="bbox 554 1182 986 1226; baseline 0.002 -11"><span class='ocrx_word' id='word_1_148' title='bbox 554 1186 584 1216; x_wconf 83' lang='lat'><strong>5.</strong></span> <span class='ocrx_word' id='word_1_149' title='bbox 613 1182 723 1215; x_wconf 78' lang='lat' dir='ltr'><strong>Gloria</strong></span> <span class='ocrx_word' id='word_1_150' title='bbox 745 1183 816 1226; x_wconf 83' lang='lat' dir='ltr'><strong>tibi,</strong></span> <span class='ocrx_word' id='word_1_151' title='bbox 840 1184 986 1222; x_wconf 82' lang='lat' dir='ltr'><strong>Domine,</strong></span> 
     </span>
     <span class='ocr_line' id='line_1_29' title="bbox 608 1230 1042 1264; baseline 0.002 -2"><span class='ocrx_word' id='word_1_152' title='bbox 608 1230 763 1263; x_wconf 82' lang='lat' dir='ltr'><strong>Exaltans</strong></span> <span class='ocrx_word' id='word_1_153' title='bbox 788 1234 921 1263; x_wconf 87' lang='lat' dir='ltr'><strong>matrem</strong></span> <span class='ocrx_word' id='word_1_154' title='bbox 946 1232 1042 1264; x_wconf 90' lang='lat' dir='ltr'><strong>hodie</strong></span> 
     </span>
     <span class='ocr_line' id='line_1_30' title="bbox 609 1278 1055 1318; baseline 0 -8"><span class='ocrx_word' id='word_1_155' title='bbox 609 1278 687 1310; x_wconf 87' lang='lat' dir='ltr'><strong>Cum</strong></span> <span class='ocrx_word' id='word_1_156' title='bbox 708 1281 801 1318; x_wconf 82' lang='lat' dir='ltr'><strong>patre</strong></span> <span class='ocrx_word' id='word_1_157' title='bbox 826 1281 857 1310; x_wconf 90' lang='lat' dir='ltr'><strong>et</strong></span> <span class='ocrx_word' id='word_1_158' title='bbox 880 1279 1055 1318; x_wconf 84' lang='lat' dir='ltr'><strong>spiramine</strong></span> 
     </span>
     <span class='ocr_line' id='line_1_31' title="bbox 609 1325 1040 1366; baseline 0.009 -10"><span class='ocrx_word' id='word_1_159' title='bbox 609 1325 648 1356; x_wconf 84' lang='lat' dir='ltr'><strong>In</strong></span> <span class='ocrx_word' id='word_1_160' title='bbox 672 1326 862 1365; x_wconf 84' lang='lat' dir='ltr'><strong>sempiterno</strong></span> <span class='ocrx_word' id='word_1_161' title='bbox 887 1329 1040 1366; x_wconf 85' lang='lat' dir='ltr'><strong>tempore.</strong></span> 
     </span>
    </p>
   </div>
   <div class='ocr_carea' id='block_1_11' title="bbox 166 1407 1473 1526">
    <p class='ocr_par' dir='ltr' id='par_1_11' title="bbox 166 1407 1473 1526">
     <span class='ocr_line' id='line_1_32' title="bbox 243 1407 1472 1451; baseline 0.004 -16"><span class='ocrx_word' id='word_1_162' title='bbox 243 1407 322 1435; x_wconf 49' lang='lat' dir='ltr'><strong>Ora&amp;</strong></span> <span class='ocrx_word' id='word_1_163' title='bbox 359 1416 411 1436; x_wconf 86' lang='lat' dir='ltr'><strong>ms.</strong></span> <span class='ocrx_word' id='word_1_164' title='bbox 438 1408 547 1436; x_wconf 51' lang='lat' dir='ltr'><strong>Domui</strong></span> <span class='ocrx_word' id='word_1_165' title='bbox 578 1409 680 1436; x_wconf 72' lang='lat' dir='ltr'><strong>Novae</strong></span> <span class='ocrx_word' id='word_1_166' title='bbox 705 1409 795 1436; x_wconf 86' lang='lat' dir='ltr'><strong>Lucis</strong></span> <span class='ocrx_word' id='word_1_167' title='bbox 822 1411 892 1437; x_wconf 88' lang='lat' dir='ltr'><strong>anni</strong></span> <span class='ocrx_word' id='word_1_168' title='bbox 919 1408 1000 1437; x_wconf 86' lang='lat'>1477.</span> <span class='ocrx_word' id='word_1_169' title='bbox 1046 1410 1115 1438; x_wconf 83' lang='lat' dir='ltr'><strong>Cod.</strong></span> <span class='ocrx_word' id='word_1_170' title='bbox 1141 1413 1326 1447; x_wconf 81' lang='lat' dir='ltr'><strong>Ultrajeetin.</strong></span> <span class='ocrx_word' id='word_1_171' title='bbox 1354 1413 1472 1451; x_wconf 83' lang='lat' dir='ltr'><strong>Seriptt.</strong></span> 
     </span>
     <span class='ocr_line' id='line_1_33' title="bbox 166 1443 1473 1490; baseline 0.006 -18"><span class='ocrx_word' id='word_1_172' title='bbox 166 1446 247 1473; x_wconf 81' lang='lat' dir='ltr'><strong>Eccl.</strong></span> <span class='ocrx_word' id='word_1_173' title='bbox 267 1443 331 1473; x_wconf 80' lang='lat'><strong>375.</strong></span> <span class='ocrx_word' id='word_1_174' title='bbox 352 1460 389 1465; x_wconf 78' lang='lat'><strong>——</strong></span> <span class='ocrx_word' id='word_1_175' title='bbox 410 1444 435 1479; x_wconf 76' lang='lat'><strong>1,</strong></span> <span class='ocrx_word' id='word_1_176' title='bbox 457 1445 471 1473; x_wconf 82' lang='lat'>1</span> <span class='ocrx_word' id='word_1_177' title='bbox 492 1446 567 1473; x_wconf 69' lang='lat' dir='ltr'><strong>Vale</strong></span> <span class='ocrx_word' id='word_1_178' title='bbox 586 1448 669 1483; x_wconf 83' lang='lat' dir='ltr'><strong>virgo</strong></span> <span class='ocrx_word' id='word_1_179' title='bbox 690 1448 808 1480; x_wconf 76' lang='lat' dir='ltr'><strong>inclita3</strong></span> <span class='ocrx_word' id='word_1_180' title='bbox 832 1447 869 1475; x_wconf 85' lang='lat' dir='ltr'><strong>da</strong></span> <span class='ocrx_word' id='word_1_181' title='bbox 889 1448 935 1476; x_wconf 82' lang='lat' dir='ltr'><strong>&lt;lie</strong></span> <span class='ocrx_word' id='word_1_182' title='bbox 957 1449 1009 1476; x_wconf 85' lang='lat' dir='ltr'><strong>Hs.</strong></span> <span class='ocrx_word' id='word_1_183' title='bbox 1030 1449 1079 1476; x_wconf 76' lang='lat' dir='ltr'><strong>die</strong></span> <span class='ocrx_word' id='word_1_184' title='bbox 1097 1451 1221 1477; x_wconf 82' lang='lat' dir='ltr'><strong>meisten</strong></span> <span class='ocrx_word' id='word_1_185' title='bbox 1239 1451 1473 1490; x_wconf 73' lang='lat' dir='ltr'><strong>Liedesanffinge</strong></span> 
     </span>
     <span class='ocr_line' id='line_1_34' title="bbox 167 1483 1473 1526; baseline 0.006 -16"><span class='ocrx_word' id='word_1_186' title='bbox 167 1484 321 1511; x_wconf 68' lang='lat' dir='ltr'><strong>verandert</strong></span> <span class='ocrx_word' id='word_1_187' title='bbox 345 1484 406 1511; x_wconf 86' lang='lat' dir='ltr'><strong>und</strong></span> <span class='ocrx_word' id='word_1_188' title='bbox 432 1484 479 1511; x_wconf 91' lang='lat' dir='ltr'><strong>bei</strong></span> <span class='ocrx_word' id='word_1_189' title='bbox 504 1483 569 1511; x_wconf 82' lang='lat' dir='ltr'><strong>dem</strong></span> <span class='ocrx_word' id='word_1_190' title='bbox 594 1484 799 1513; x_wconf 77' lang='lat' dir='ltr'><strong>fiberlieferten</strong></span> <span class='ocrx_word' id='word_1_191' title='bbox 817 1485 908 1513; x_wconf 82' lang='lat' dir='ltr'><strong>Texte</strong></span> <span class='ocrx_word' id='word_1_192' title='bbox 929 1487 994 1514; x_wconf 85' lang='lat' dir='ltr'><strong>eine</strong></span> <span class='ocrx_word' id='word_1_193' title='bbox 1014 1486 1097 1515; x_wconf 83' lang='lat' dir='ltr'><strong>Silbe</strong></span> <span class='ocrx_word' id='word_1_194' title='bbox 1115 1488 1201 1521; x_wconf 84' lang='lat' dir='ltr'><strong>fehlt,</strong></span> <span class='ocrx_word' id='word_1_195' title='bbox 1226 1489 1267 1516; x_wconf 86' lang='lat' dir='ltr'><strong>ist</strong></span> <span class='ocrx_word' id='word_1_196' title='bbox 1286 1490 1337 1517; x_wconf 87' lang='lat' dir='ltr'><strong>der</strong></span> <span class='ocrx_word' id='word_1_197' title='bbox 1355 1490 1473 1526; x_wconf 78' lang='lat' dir='ltr'><strong>Anfang</strong></span> 
     </span>
    </p>
   </div>
   <div class='ocr_carea' id='block_1_12' title="bbox 167 1521 584 1557">
    <p class='ocr_par' dir='ltr' id='par_1_12' title="bbox 167 1521 584 1557">
     <span class='ocr_line' id='line_1_35' title="bbox 167 1521 584 1557; baseline 0.002 -9"><span class='ocrx_word' id='word_1_198' title='bbox 167 1523 223 1549; x_wconf 87' lang='lat' dir='ltr'><strong>wie</strong></span> <span class='ocrx_word' id='word_1_199' title='bbox 241 1521 418 1549; x_wconf 81' lang='lat' dir='ltr'><strong>vorstehend</strong></span> <span class='ocrx_word' id='word_1_200' title='bbox 439 1522 584 1557; x_wconf 76' lang='lat' dir='ltr'><strong>gestaltet.</strong></span> 
     </span>
    </p>
   </div>
   <div class='ocr_carea' id='block_1_13' title="bbox 579 1681 1060 1715">
    <p class='ocr_par' dir='ltr' id='par_1_13' title="bbox 579 1681 1060 1715">
     <span class='ocr_line' id='line_1_36' title="bbox 579 1681 1060 1715; baseline 0 -3"><span class='ocrx_word' id='word_1_201' title='bbox 579 1681 631 1712; x_wconf 87' lang='lat'>117.</span> <span class='ocrx_word' id='word_1_202' title='bbox 662 1681 696 1712; x_wconf 89' lang='lat'><strong>111</strong></span> <span class='ocrx_word' id='word_1_203' title='bbox 715 1682 804 1713; x_wconf 74' lang='lat' dir='ltr'><strong>Festo</strong></span> <span class='ocrx_word' id='word_1_204' title='bbox 825 1682 943 1714; x_wconf 73' lang='lat' dir='ltr'><strong>Mariae</strong></span> <span class='ocrx_word' id='word_1_205' title='bbox 963 1682 1060 1715; x_wconf 77' lang='lat' dir='ltr'><strong>Nivis.</strong></span> 
     </span>
    </p>
   </div>
   <div class='ocr_carea' id='block_1_14' title="bbox 692 1759 941 1797">
    <p class='ocr_par' dir='ltr' id='par_1_14' title="bbox 692 1759 941 1797">
     <span class='ocr_line' id='line_1_37' title="bbox 692 1759 941 1797; baseline 0.004 -9"><span class='ocrx_word' id='word_1_206' title='bbox 692 1759 727 1788; x_wconf 91' lang='lat' dir='ltr'><strong>In</strong></span> <span class='ocrx_word' id='word_1_207' title='bbox 747 1759 773 1788; x_wconf 81' lang='lat'><strong>2.</strong></span> <span class='ocrx_word' id='word_1_208' title='bbox 793 1759 941 1797; x_wconf 86' lang='lat' dir='ltr'><strong>Vesperis.</strong></span> 
     </span>
    </p>
   </div>
   <div class='ocr_carea' id='block_1_15' title="bbox 170 1837 711 2020">
    <p class='ocr_par' dir='ltr' id='par_1_15' title="bbox 170 1837 711 2020">
     <span class='ocr_line' id='line_1_38' title="bbox 170 1837 650 1879; baseline 0 -10"><span class='ocrx_word' id='word_1_209' title='bbox 170 1837 201 1869; x_wconf 80' lang='lat'><strong>1.</strong></span> <span class='ocrx_word' id='word_1_210' title='bbox 227 1837 325 1876; x_wconf 85' lang='lat' dir='ltr'><strong>Quem</strong></span> <span class='ocrx_word' id='word_1_211' title='bbox 348 1838 404 1877; x_wconf 75' lang='lat' dir='ltr'><strong>pia</strong></span> <span class='ocrx_word' id='word_1_212' title='bbox 426 1837 515 1878; x_wconf 83' lang='lat' dir='ltr'><strong>virgo</strong></span> <span class='ocrx_word' id='word_1_213' title='bbox 541 1839 650 1879; x_wconf 71' lang='lat' dir='ltr'><strong>genuit</strong></span> 
     </span>
     <span class='ocr_line' id='line_1_39' title="bbox 228 1883 630 1927; baseline 0.005 -12"><span class='ocrx_word' id='word_1_214' title='bbox 228 1884 324 1916; x_wconf 87' lang='lat' dir='ltr'><strong>Sacro</strong></span> <span class='ocrx_word' id='word_1_215' title='bbox 352 1883 482 1924; x_wconf 88' lang='lat' dir='ltr'><strong>perfusa</strong></span> <span class='ocrx_word' id='word_1_216' title='bbox 505 1885 630 1927; x_wconf 86' lang='lat' dir='ltr'><strong>spiritu,</strong></span> 
     </span>
     <span class='ocr_line' id='line_1_40' title="bbox 227 1932 623 1973; baseline 0 -9"><span class='ocrx_word' id='word_1_217' title='bbox 227 1932 308 1971; x_wconf 83' lang='lat' dir='ltr'><strong>Regi</strong></span> <span class='ocrx_word' id='word_1_218' title='bbox 332 1933 479 1971; x_wconf 87' lang='lat' dir='ltr'><strong>perennis</strong></span> <span class='ocrx_word' id='word_1_219' title='bbox 503 1932 623 1973; x_wconf 86' lang='lat' dir='ltr'><strong>gloriae</strong></span> 
     </span>
     <span class='ocr_line' id='line_1_41' title="bbox 226 1978 711 2020; baseline 0.002 -10"><span class='ocrx_word' id='word_1_220' title='bbox 226 1978 389 2018; x_wconf 65' lang='lat' dir='ltr'><strong>Hymnum</strong></span> <span class='ocrx_word' id='word_1_221' title='bbox 411 1988 557 2011; x_wconf 82' lang='lat' dir='ltr'><strong>canamus</strong></span> <span class='ocrx_word' id='word_1_222' title='bbox 581 1981 711 2020; x_wconf 72' lang='lat' dir='ltr'><strong>J&#39;ugiter.</strong></span> 
     </span>
    </p>
   </div>
   <div class='ocr_carea' id='block_1_16' title="bbox 172 2046 729 2220">
    <p class='ocr_par' dir='ltr' id='par_1_16' title="bbox 172 2046 729 2220">
     <span class='ocr_line' id='line_1_42' title="bbox 172 2046 729 2085; baseline 0 -8"><span class='ocrx_word' id='word_1_223' title='bbox 172 2047 202 2078; x_wconf 88' lang='lat'><strong>2.</strong></span> <span class='ocrx_word' id='word_1_224' title='bbox 230 2046 327 2084; x_wconf 80' lang='lat' dir='ltr'><strong>Quem</strong></span> <span class='ocrx_word' id='word_1_225' title='bbox 353 2055 478 2085; x_wconf 87' lang='lat' dir='ltr'><strong>semper</strong></span> <span class='ocrx_word' id='word_1_226' title='bbox 501 2055 597 2085; x_wconf 89' lang='lat' dir='ltr'><strong>super</strong></span> <span class='ocrx_word' id='word_1_227' title='bbox 622 2046 729 2078; x_wconf 87' lang='lat' dir='ltr'><strong>sidera</strong></span> 
     </span>
     <span class='ocr_line' id='line_1_43' title="bbox 228 2092 648 2136; baseline 0.002 -13"><span class='ocrx_word' id='word_1_228' title='bbox 228 2092 354 2124; x_wconf 84' lang='lat' dir='ltr'><strong>Laudat</strong></span> <span class='ocrx_word' id='word_1_229' title='bbox 378 2093 522 2125; x_wconf 84' lang='lat' dir='ltr'><strong>coelestis</strong></span> <span class='ocrx_word' id='word_1_230' title='bbox 549 2094 648 2136; x_wconf 76' lang='lat' dir='ltr'><strong>curia,</strong></span> 
     </span>
     <span class='ocr_line' id='line_1_44' title="bbox 233 2140 656 2180; baseline -0.002 -7"><span class='ocrx_word' id='word_1_231' title='bbox 233 2141 369 2173; x_wconf 85' lang='lat' dir='ltr'><strong>Sanctae</strong></span> <span class='ocrx_word' id='word_1_232' title='bbox 392 2140 517 2172; x_wconf 81' lang='lat' dir='ltr'><strong>Mariae</strong></span> <span class='ocrx_word' id='word_1_233' title='bbox 540 2141 656 2180; x_wconf 73' lang='lat' dir='ltr'><strong>virgini</strong></span> 
     </span>
     <span class='ocr_line' id='line_1_45' title="bbox 231 2186 697 2220; baseline 0 -1"><span class='ocrx_word' id='word_1_234' title='bbox 231 2186 344 2220; x_wconf 81' lang='lat' dir='ltr'><strong>Grates</strong></span> <span class='ocrx_word' id='word_1_235' title='bbox 369 2188 534 2220; x_wconf 81' lang='lat' dir='ltr'><strong>reddendo</strong></span> <span class='ocrx_word' id='word_1_236' title='bbox 562 2188 697 2220; x_wconf 85' lang='lat' dir='ltr'><strong>debitas.</strong></span> 
     </span>
    </p>
   </div>
   <div class='ocr_carea' id='block_1_17' title="bbox 172 2253 664 2430">
    <p class='ocr_par' dir='ltr' id='par_1_17' title="bbox 172 2253 664 2430">
     <span class='ocr_line' id='line_1_46' title="bbox 172 2253 655 2294; baseline -0.004 -6"><span class='ocrx_word' id='word_1_237' title='bbox 172 2256 203 2288; x_wconf 82' lang='lat'><strong>3.</strong></span> <span class='ocrx_word' id='word_1_238' title='bbox 228 2253 320 2286; x_wconf 82' lang='lat' dir='ltr'><strong>Haec</strong></span> <span class='ocrx_word' id='word_1_239' title='bbox 343 2255 431 2293; x_wconf 76' lang='lat' dir='ltr'><strong>virgo</strong></span> <span class='ocrx_word' id='word_1_240' title='bbox 454 2254 655 2294; x_wconf 86' lang='lat' dir='ltr'><strong>venerabilis,</strong></span> 
     </span>
     <span class='ocr_line' id='line_1_47' title="bbox 229 2300 622 2344; baseline -0.005 -9"><span class='ocrx_word' id='word_1_241' title='bbox 229 2302 326 2335; x_wconf 86' lang='lat' dir='ltr'><strong>Prole</strong></span> <span class='ocrx_word' id='word_1_242' title='bbox 354 2300 491 2333; x_wconf 81' lang='lat' dir='ltr'><strong>fecunda</strong></span> <span class='ocrx_word' id='word_1_243' title='bbox 513 2302 622 2344; x_wconf 85' lang='lat' dir='ltr'><strong>nobili,</strong></span> 
     </span>
     <span class='ocr_line' id='line_1_48' title="bbox 228 2349 635 2389; baseline 0 -8"><span class='ocrx_word' id='word_1_244' title='bbox 228 2350 347 2382; x_wconf 86' lang='lat' dir='ltr'><strong>Locum</strong></span> <span class='ocrx_word' id='word_1_245' title='bbox 374 2349 470 2389; x_wconf 84' lang='lat' dir='ltr'><strong>elegit</strong></span> <span class='ocrx_word' id='word_1_246' title='bbox 492 2350 635 2381; x_wconf 85' lang='lat' dir='ltr'><strong>inclitum</strong></span> 
     </span>
     <span class='ocr_line' id='line_1_49' title="bbox 232 2397 664 2430; baseline 0.002 -1"><span class='ocrx_word' id='word_1_247' title='bbox 232 2397 294 2430; x_wconf 88' lang='lat' dir='ltr'><strong>Suo</strong></span> <span class='ocrx_word' id='word_1_248' title='bbox 320 2397 508 2429; x_wconf 85' lang='lat' dir='ltr'><strong>sacrandum</strong></span> <span class='ocrx_word' id='word_1_249' title='bbox 533 2398 664 2430; x_wconf 88' lang='lat' dir='ltr'><strong>nomini.</strong></span> 
     </span>
    </p>
   </div>
   <div class='ocr_carea' id='block_1_18' title="bbox 850 1838 1455 2022">
    <p class='ocr_par' dir='ltr' id='par_1_18' title="bbox 850 1838 1455 2022">
     <span class='ocr_line' id='line_1_50' title="bbox 850 1838 1455 1880; baseline 0.003 -8"><span class='ocrx_word' id='word_1_250' title='bbox 850 1840 881 1872; x_wconf 69' lang='lat'><strong>4.</strong></span> <span class='ocrx_word' id='word_1_251' title='bbox 908 1838 1006 1877; x_wconf 74' lang='lat' dir='ltr'><strong>Quem</strong></span> <span class='ocrx_word' id='word_1_252' title='bbox 1028 1843 1157 1880; x_wconf 77' lang='lat' dir='ltr'><strong>praeter</strong></span> <span class='ocrx_word' id='word_1_253' title='bbox 1180 1850 1302 1873; x_wconf 84' lang='lat' dir='ltr'><strong>morem</strong></span> <span class='ocrx_word' id='word_1_254' title='bbox 1325 1843 1455 1874; x_wconf 83' lang='lat' dir='ltr'><strong>solitum</strong></span> 
     </span>
     <span class='ocr_line' id='line_1_51' title="bbox 907 1887 1357 1929; baseline 0.004 -11"><span class='ocrx_word' id='word_1_255' title='bbox 907 1887 1028 1919; x_wconf 82' lang='lat' dir='ltr'><strong>Mensis</strong></span> <span class='ocrx_word' id='word_1_256' title='bbox 1052 1888 1190 1928; x_wconf 83' lang='lat' dir='ltr'><strong>Augusti</strong></span> <span class='ocrx_word' id='word_1_257' title='bbox 1213 1892 1357 1929; x_wconf 84' lang='lat' dir='ltr'><strong>tempore</strong></span> 
     </span>
     <span class='ocr_line' id='line_1_52' title="bbox 906 1934 1323 1969; baseline 0.01 -4"><span class='ocrx_word' id='word_1_258' title='bbox 906 1934 1029 1966; x_wconf 86' lang='lat' dir='ltr'><strong>Pressis</strong></span> <span class='ocrx_word' id='word_1_259' title='bbox 1053 1936 1129 1967; x_wconf 87' lang='lat' dir='ltr'><strong>solis</strong></span> <span class='ocrx_word' id='word_1_260' title='bbox 1154 1937 1323 1969; x_wconf 88' lang='lat' dir='ltr'><strong>ardoribus</strong></span> 
     </span>
     <span class='ocr_line' id='line_1_53' title="bbox 906 1981 1342 2022; baseline 0.009 -10"><span class='ocrx_word' id='word_1_261' title='bbox 906 1981 1022 2013; x_wconf 80' lang='lat' dir='ltr'><strong>Totum</strong></span> <span class='ocrx_word' id='word_1_262' title='bbox 1045 1983 1183 2022; x_wconf 75' lang='lat' dir='ltr'><strong>replevit</strong></span> <span class='ocrx_word' id='word_1_263' title='bbox 1206 1984 1342 2016; x_wconf 81' lang='lat' dir='ltr'><strong>nivibus.</strong></span> 
     </span>
    </p>
   </div>
   <div class='ocr_carea' id='block_1_19' title="bbox 852 2048 866 2065">
    <p class='ocr_par' dir='ltr' id='par_1_19' title="bbox 852 2048 866 2065">
     <span class='ocr_line' id='line_1_54' title="bbox 852 2048 866 2065; textangle 90"><span class='ocrx_word' id='word_1_264' title='bbox 852 2048 866 2065; x_wconf 45' lang='grc' dir='ltr'><strong>Ἰ</strong></span> 
     </span>
    </p>
   </div>
   <div class='ocr_carea' id='block_1_20' title="bbox 850 2048 1397 2230">
    <p class='ocr_par' dir='ltr' id='par_1_20' title="bbox 850 2048 1227 2081">
     <span class='ocr_line' id='line_1_55' title="bbox 850 2048 1227 2081; baseline 0.003 -1"><span class='ocrx_word' id='word_1_265' title='bbox 850 2061 882 2080; x_wconf 74' lang='lat'><strong>0.</strong></span> <span class='ocrx_word' id='word_1_266' title='bbox 908 2048 947 2080; x_wconf 87' lang='lat' dir='ltr'><strong>In</strong></span> <span class='ocrx_word' id='word_1_267' title='bbox 971 2048 1093 2080; x_wconf 82' lang='lat' dir='ltr'><strong>visione</strong></span> <span class='ocrx_word' id='word_1_268' title='bbox 1119 2049 1227 2081; x_wconf 77' lang='lat' dir='ltr'><strong>docuit</strong></span> 
     </span>
    </p>

    <p class='ocr_par' dir='ltr' id='par_1_21' title="bbox 908 2094 1397 2230">
     <span class='ocr_line' id='line_1_56' title="bbox 909 2094 1337 2138; baseline 0.012 -13"><span class='ocrx_word' id='word_1_269' title='bbox 909 2094 1003 2126; x_wconf 84' lang='lat' dir='ltr'><strong>Tanti</strong></span> <span class='ocrx_word' id='word_1_270' title='bbox 1030 2105 1155 2128; x_wconf 83' lang='lat' dir='ltr'><strong>causam</strong></span> <span class='ocrx_word' id='word_1_271' title='bbox 1179 2098 1337 2138; x_wconf 72' lang='lat' dir='ltr'><strong>mysterii,</strong></span> 
     </span>
     <span class='ocr_line' id='line_1_57' title="bbox 910 2140 1265 2177; baseline 0.011 -5"><span class='ocrx_word' id='word_1_272' title='bbox 910 2140 1064 2174; x_wconf 86' lang='lat' dir='ltr'><strong>Solemnis</strong></span> <span class='ocrx_word' id='word_1_273' title='bbox 1090 2143 1265 2177; x_wconf 82' lang='lat' dir='ltr'><strong>habitaculi</strong></span> 
     </span>
     <span class='ocr_line' id='line_1_58' title="bbox 908 2189 1397 2230; baseline 0.012 -10"><span class='ocrx_word' id='word_1_274' title='bbox 908 2189 1050 2230; x_wconf 85' lang='lat' dir='ltr'><strong>Benigne</strong></span> <span class='ocrx_word' id='word_1_275' title='bbox 1074 2192 1218 2230; x_wconf 85' lang='lat' dir='ltr'><strong>pandens</strong></span> <span class='ocrx_word' id='word_1_276' title='bbox 1244 2194 1397 2229; x_wconf 80' lang='lat' dir='ltr'><strong>ordinem.</strong></span> 
     </span>
    </p>
   </div>
   <div class='ocr_carea' id='block_1_21' title="bbox 853 2255 1429 2443">
    <p class='ocr_par' dir='ltr' id='par_1_22' title="bbox 853 2255 1429 2443">
     <span class='ocr_line' id='line_1_59' title="bbox 853 2255 1429 2298; baseline 0.009 -10"><span class='ocrx_word' id='word_1_277' title='bbox 853 2257 884 2288; x_wconf 88' lang='grc'><strong>6.</strong></span> <span class='ocrx_word' id='word_1_278' title='bbox 912 2255 965 2288; x_wconf 84' lang='lat' dir='ltr'><strong>Sic</strong></span> <span class='ocrx_word' id='word_1_279' title='bbox 989 2257 1141 2298; x_wconf 85' lang='lat' dir='ltr'><strong>templum</strong></span> <span class='ocrx_word' id='word_1_280' title='bbox 1165 2259 1429 2293; x_wconf 87' lang='lat' dir='ltr'><strong>solemnissimum</strong></span> 
     </span>
     <span class='ocr_line' id='line_1_60' title="bbox 910 2301 1331 2347; baseline 0.019 -14"><span class='ocrx_word' id='word_1_281' title='bbox 910 2301 1039 2335; x_wconf 81' lang='lat' dir='ltr'><strong>Fundat</strong></span> <span class='ocrx_word' id='word_1_282' title='bbox 1063 2314 1148 2346; x_wconf 87' lang='lat' dir='ltr'><strong>papa</strong></span> <span class='ocrx_word' id='word_1_283' title='bbox 1171 2306 1331 2347; x_wconf 82' lang='lat' dir='ltr'><strong>Liberius,</strong></span> 
     </span>
     <span class='ocr_line' id='line_1_61' title="bbox 911 2350 1328 2397; baseline 0.017 -15"><span class='ocrx_word' id='word_1_284' title='bbox 911 2350 994 2390; x_wconf 84' lang='lat' dir='ltr'><strong>Opes</strong></span> <span class='ocrx_word' id='word_1_285' title='bbox 1021 2353 1186 2392; x_wconf 85' lang='lat' dir='ltr'><strong>dispensat</strong></span> <span class='ocrx_word' id='word_1_286' title='bbox 1208 2355 1328 2397; x_wconf 85' lang='lat' dir='ltr'><strong>largius</strong></span> 
     </span>
     <span class='ocr_line' id='line_1_62' title="bbox 910 2398 1321 2443; baseline 0.017 -13"><span class='ocrx_word' id='word_1_287' title='bbox 910 2398 1134 2441; x_wconf 83' lang='lat' dir='ltr'><strong>Johannesque</strong></span> <span class='ocrx_word' id='word_1_288' title='bbox 1156 2403 1321 2443; x_wconf 83' lang='lat' dir='ltr'><strong>patricius.</strong></span> 
     </span>
    </p>
   </div>
  </div>
 </body>
</html>
