1653 2637
727 148 988 184 -224—

278 246 361 273 Τῆνον.
387 254 440 273 ms.
461 246 606 273 Venetam
633 254 709 273 saec.
731 243 775 273 14.
817 244 886 272 Ood.
906 244 1076 272 Marcianus
1096 241 1125 273 L
1148 244 1164 271 Ι
1186 241 1234 271 81.
1253 244 1288 271 Α.
1313 258 1351 262 —
1379 244 1463 272 Brev.
1485 246 1514 273 S.

201 284 361 311 Donatiani
384 281 511 320 Brugen.
536 285 606 319 imp.
627 283 752 311 Parisiis
783 280 863 311 1520.
885 283 918 310 B.
939 297 977 301 —-
999 280 1030 315 1,
1054 280 1072 309 2
1096 281 1219 310 celebris
1240 282 1313 310 fehlt
1334 282 1368 309 A.
1389 296 1426 300 —
1450 281 1475 316 2,
1497 282 1514 309 :3

199 329 287 349 sensu
306 322 452 358 corporali
472 322 532 350 AB.
552 337 588 341 -—
609 319 635 355 3,
660 320 673 349 1
691 322 834 349 Hor-tatus
854 321 968 349 inducit
989 322 1135 354 praetorio
1156 320 1190 347 A.
1213 334 1249 338 —
1272 319 1297 354 3,
1318 318 1338 347 4
1350 321 1515 356 Torquetur

199 359 302 387 ardens
323 369 355 388 se
374 361 405 387 iu
426 361 483 388 isto
505 369 625 395 corpore
646 360 680 387 A.
702 376 739 380 —
758 357 790 393 4,
819 356 837 387 3
857 359 1005 396 perdictus
1025 359 1059 386 A.
1082 374 1116 378 —
1139 357 1169 391 6,
1199 356 1216 386 3
1236 359 1390 387 Laurentii
1410 360 1515 387 merita

198 398 231 425 A.
252 413 289 418 —
314 398 398 426 Nach
419 398 476 426 Str.
497 399 515 426 3
535 399 651 427 Divisio
674 398 711 426 ad
730 397 847 426 Laudes
867 398 902 425 A.

645 527 712 559 392.
744 527 784 558 Do
808 528 915 558 sancto
937 527 1067 558 Lazaro.

199 606 231 639 1.
258 606 349 645 Veni,
376 609 500 638 creator
525 606 676 647 siderum,
882 608 918 640 4.
943 607 1004 646 Qui
1028 607 1216 646 actibusque
1239 605 1356 645 floruit,

257 654 359 693 Terge
383 655 524 686 maculas
549 655 713 699 scelerum,
944 654 1047 686 Vitam
1076 663 1164 687 suum
1189 663 1251 686 non
1277 653 1382 685 timuit

256 700 372 733 Devoti
399 701 457 733 tibi
484 701 594 733 famuli
942 702 1005 734 Pro
1030 705 1085 734 tuo
1110 711 1201 734 sacro
1227 702 1354 733 nomine

255 749 407 780 Precibus
433 750 535 781 sancti
559 748 684 782 Lazari.
942 750 1084 782 Perdere
1109 759 1165 782 suo
1191 750 1353 787 sanguine.

195 805 226 837 2.
253 805 314 844 Qui
338 808 371 837 te
397 806 562 838 convivam
588 807 715 847 saepius
882 809 913 842 5.
940 806 987 839 Ob
1011 807 1073 838 hoc
1097 808 1200 847 ipsum
1225 808 1382 846 perpetuo

253 852 374 884 Habuit
401 856 433 884 et,
457 854 593 886 alacrius
937 854 994 885 Vis
1021 855 1115 894 pleno
1141 852 1205 885 frui
1230 853 1356 895 gaudio,

254 899 389 940 Recepit
413 901 493 932 aede
519 902 650 941 propria
938 902 1035 940 Quem
1062 901 1232 933 ostendisti
1256 900 1398 933 lacrimis

252 947 459 979 Ministrante
483 948 613 980 Martha
640 949 704 987 pia.
937 949 1085 980 Amicum
1110 948 1180 981 fore
1204 948 1353 981 numinis„

197 1005 228 1037 3.
253 1005 350 1036 Hunc
374 1005 544 1044 suscitasti,
569 1005 716 1046 Domine,
880 1008 911 1039 6.
935 1005 1021 1038 Laus
1047 1006 1133 1045 patri
1158 1005 1201 1037 sit
1226 1008 1258 1037 et
1283 1005 1399 1049 genito,

254 1050 351 1084 Sacro
376 1052 520 1091 spirante
543 1051 671 1085 flamine
939 1052 1045 1084 Decus
1069 1057 1164 1094 atque
1188 1054 1355 1093 paraclito,

253 1098 352 1130 Preoe
381 1099 447 1138 ejus
472 1110 529 1131 nos
556 1100 650 1131 visita
937 1100 1055 1132 Beatus
1080 1109 1155 1133 vero
1181 1100 1323 1133 Lazarus

252 1146 468 1186 Visitatosque
491 1147 619 1179 suscita.
937 1148 1015 1180 Oret
1038 1158 1097 1188 pro
1122 1148 1214 1181 nobis
1240 1148 1395 1180 omnibus.

269 1221 354 1247 Brrv.
380 1229 433 1247 ms.
454 1222 592 1250 Nissense
619 1230 693 1249 saec.
717 1221 760 1251 15.
802 1222 870 1250 Cod.
892 1223 1115 1251 Wratislavien.
1138 1223 1154 1251 1
1174 1225 1200 1257 Q
1223 1221 1287 1251 246.
1308 1223 1343 1251 A.
1366 1238 1401 1241 —
1421 1224 1507 1251 Brev.

191 1266 244 1285 ms.
267 1259 457 1295 Sangauense
477 1268 553 1288 saec.
577 1258 619 1287 15.
662 1260 730 1288 Cocl.
752 1260 973 1289 lVratislavien.
994 1261 1009 1288 1
1034 1262 1057 1289 O
1077 1260 1123 1289 89.
1145 1262 1178 1289 Β.

628 1390 694 1422 393.
724 1392 767 1422 De
787 1392 894 1423 sancto
915 1391 1061 1424 Lebuino.

197 1467 228 1499 i.
256 1467 409 1499 Votorum
433 1467 520 1499 Deus
545 1468 675 1507 arbiter,
879 1472 909 1504 3.
937 1470 1000 1504 Sed
1027 1473 1111 1512 quod
1138 1472 1303 1512 nequimus
1329 1473 1478 1512 consequi

254 1514 340 1553 Quae
365 1514 441 1546 dant
465 1514 577 1547 fideles
602 1518 733 1557 pariter,
935 1519 1039 1552 Reatu
1063 1520 1165 1551 multo
1191 1520 1302 1559 saucii,

251 1561 421 1601 Rogamus,
448 1564 569 1594 nostris
593 1564 724 1596 vocibus
935 1566 976 1599 Id
1001 1565 1147 1599 Lebuino
1172 1567 1306 1608 tribuas,

253 1608 298 1641 Ut
321 1618 442 1641 annuas
464 1610 634 1649 propitius.
937 1613 996 1652 Qui
1021 1616 1139 1646 sanctis
1164 1615 1227 1646 tuis
1252 1616 1299 1647 nil
1328 1624 1436 1655 negas.

194 1665 225 1696 2.
252 1666 314 1697 Per
340 1665 475 1697 Lebuini
500 1667 613 1698 merita
877 1673 907 1704 4.
934 1671 996 1704 Hie
1023 1672 1114 1704 nobis
1142 1673 1206 1704 dux
1233 1675 1265 1704 et
1288 1673 1438 1713 praevius

251 1712 316 1751 Quo
342 1712 446 1745 solvas
471 1717 580 1746 nostra
606 1715 747 1756 crimina,
936 1718 985 1750 Sit
1006 1720 1039 1751 in
1065 1720 1195 1760 periclis
1219 1721 1376 1759 omnibus,

252 1760 370 1798 Quibus
396 1762 485 1800 quasi
512 1762 716 1802 compedibus
937 1767 1034 1806 Cujus
1059 1770 1192 1808 precatu
1217 1769 1350 1801 territus

250 1807 418 1847 Illaqueati
450 1811 630 1842 sternimur.
933 1814 1076 1847 Fatiscat
1102 1816 1202 1848 hostis
1227 1816 1367 1849 invidus.

551 1868 581 1901 5.
608 1868 671 1899 Hic
695 1879 752 1901 nos
777 1874 929 1911 purgatos
954 1873 1101 1905 sordibus

609 1916 769 1949 Restituat
795 1919 995 1958 coelestibus,

611 1963 676 1996 Ubi
701 1963 788 1996 felici
812 1966 927 2004 gaudio

609 2009 767 2043 Fruamur
791 2013 862 2043 aevi
886 2014 1032 2047 termino.

268 2079 444 2115 Sequentiae
464 2084 492 2109 et
512 2083 623 2118 Hymni
645 2094 696 2118 per
715 2088 810 2113 totum
830 2094 939 2114 annum
958 2088 1028 2123 imp.
1049 2088 1230 2116 Daventriae
1249 2086 1332 2115 1494.

596 2202 663 2233 394.
694 2202 737 2234 De
760 2205 867 2235 sancto
888 2204 1089 2244 Leodegario.

191 2282 222 2313 1.
249 2281 273 2313 O
299 2283 422 2319 martyr
444 2279 631 2324 Leodegari‚
874 2286 905 2318 2.
934 2283 1053 2316 Christi
1079 2293 1204 2316 crucem
1226 2288 1262 2316 tu
1286 2286 1421 2333 bajulas,

247 2328 345 2360 Miles
370 2327 489 2359 invicte
511 2328 651 2368 Domini,
934 2332 1056 2370 Corpus
1079 2334 1167 2363 tuum
1194 2333 1378 2378 mortificaS‚

254 2376 383 2408 Athleta
408 2373 510 2416 fortis,
538 2375 665 2407 famulis
934 2377 1062 2411 Caduca
1086 2387 1240 2418 spernens
1265 2381 1390 2423 gaudia,

250 2423 351 2457 Nobis
376 2421 450 2456 fave
473 2423 688 2464 poscentibus.
934 2427 1079 2466 Super-na
1103 2425 1210 2458 ferens
1234 2429 1387 2467 praemia.
