1653 2637
678 108 936 143 —242—-

148 206 277 235 culmina
303 206 377 235 coeli
404 206 496 234 celsas
529 203 559 240 (l)
588 204 758 233 scanrlidisti
784 213 812 231 u.
842 211 863 230 s.
887 203 906 230 f.
927 216 962 221 --
985 200 1016 237 9,
1045 200 1065 229 4
1085 211 1120 230 ac
1141 205 1247 239 vegeta
1266 202 1301 237 C,
1328 205 1465 240 vegetata

147 246 182 273 A.
203 260 241 264 —
262 242 312 278 10,
343 243 358 272 1
378 244 435 272 leti
457 244 490 271 Β.
512 259 550 264 --
570 241 621 274 10,
643 240 661 271 3
679 243 859 278 Fluviusque
880 241 913 276 A,
933 240 1118 276 Flagetuntis
1137 240 1173 267 B.
1194 254 1230 259 —
1252 239 1296 275 10,
1316 238 1337 269 4
1356 243 1386 268 et
1404 249 1465 269 ear-

147 284 231 310 verni
250 283 284 315 A,
307 285 336 310 et
357 290 483 310 caverna
503 283 536 309 B.
559 295 595 300 —
619 280 663 313 10,
685 279 702 307 5
724 279 866 315 sulphura
884 279 919 306 A.
939 292 977 297 -
999 276 1043 311 11,
1065 276 1080 305 1
1102 276 1182 313 Quid
1202 278 1259 306 tibi
1273 279 1305 313 B,
1325 277 1374 306 hic
1393 278 1467 307 fehlt

150 321 209 348 AB.
229 336 265 340 —
289 318 334 355 11,
354 318 372 349 3
394 320 437 348 Ac
454 322 592 347 votorum
606 319 639 347 C.
661 334 700 338 —
723 316 767 351 11,
787 316 804 345 5
822 319 910 346 Ortus
923 316 958 344 A.
978 331 1017 336 —
1039 314 1083 347 11.ι
1104 315 1121 344 6
1141 317 1257 352 vesperi
1272 316 1303 344 C.
1325 331 1361 335 —
1384 315 1428 351 11,
1447 316 1465 343 7

150 359 240 394 digna
259 356 292 387 B.
323 374 360 379 —
384 356 418 386 11
461 355 479 385 8
502 359 633 386 carmina
652 357 686 384 B.
707 373 741 377 --
767 353 818 390 12,
849 353 863 381 1
887 355 983 383 Laetu
1002 355 1040 388 Β,
1070 354 1141 382 desu
1164 363 1194 382 er
1213 354 1246 382 B.
1267 369 1303 373 —
1326 352 1375 390 12,
1399 354 1420 383 4
1439 357 1468 382 et

151 405 293 424 conserva
314 397 345 424 B.
366 411 405 416 —
426 396 483 424 Str.
508 394 543 423 12
563 395 637 422 fehlt
658 393 688 421 C.
711 409 746 413 —
768 393 825 421 Str.
848 390 883 420 13
903 391 977 420 fehlt
994 393 1053 420 AB.
1075 409 1111 412 —
1150 391 1177 426 4,
1198 390 1216 420 3
1238 393 1314 429 Regi
1333 393 1365 420 B.

584 515 653 546 428.
684 513 728 546 De
751 514 859 545 sancto
879 512 1038 545 Maur-itio.

679 591 714 620 In
736 591 761 620 1.
784 590 934 629 Vesperis.

156 672 186 704 1.
216 671 375 703 Christum
401 670 565 703 laudemus
591 670 758 702 Dominum

212 719 258 750 Et
281 718 384 751 Deum
410 721 532 758 patrem
559 718 723 757 luminum,

210 767 248 798 In
274 774 334 805 quo
360 766 538 806 triumphat
563 766 695 797 coelitus

210 814 366 853 Princeps
393 815 425 844 et
451 812 514 845 dux
537 812 720 845 Mauritius

156 872 187 903 2.
214 870 292 903 Cum
319 878 435 902 corona
459 869 611 901 victoriae

216 918 269 949 Ad
293 917 440 949 thronum
463 917 567 948 tendit
590 915 710 956 gloriae

218 964 295 996 Cum
321 966 369 995 tot
395 967 425 995 et
449 964 546 995 tantis
569 963 708 1003 milibus,

216 1011 310 1043 Veiis
337 1011 455 1044 Christi
480 1010 684 1050 martyribus.

155 1069 188 1101 3.
215 1067 338 1106 Quanta
363 1067 449 1099 salus
472 1067 665 1109 coelestium,

217 1115 357 1154 Quantus
382 1114 483 1147 honor
508 1115 703 1146 terrestrium

214 1163 252 1193 In
279 1161 404 1194 Christo
430 1161 692 1201 triumphantium

216 1209 260 1241 Et
283 1209 411 1241 milibus
436 1210 630 1241 laetantium.

837 670 869 702 4.
896 669 1069 702 Fermenta
1089 678 1199 702 sacrae
1220 667 1297 701 fidei

897 716 943 748 Et
966 725 1055 748 amor
1081 716 1186 748 cordis
1211 717 1296 757 ignei

898 763 1075 796 Dulcorant
1095 764 1162 803 jam
1186 764 1347 804 supplicia

898 812 1031 851 Ingrata
1053 811 1107 850 pio
1133 811 1247 851 gratia.

864 893 871 900 .
899 869 923 901 O
948 871 1105 908 martyres
1130 867 1331 908 sanctissimi,

901 915 1037 948 Coelesti
1059 914 1130 947 Deo
1155 915 1304 954 proximi,

899 962 958 1003 Qui
983 962 1099 994 vestris
1124 971 1209 994 nunc
1231 961 1266 994 in
1288 961 1419 994 milibus

898 1010 1052 1050 Regnatis
1078 1009 1112 1041 in
1134 1009 1331 1044 sublimibus.

865 1094 872 1100 .
899 1067 936 1099 In
962 1067 1081 1098 virtute
1101 1066 1272 1106 multiplici

900 1114 991 1146 Plebi
1018 1113 1123 1146 favete
1147 1113 1296 1153 supplici,

898 1161 944 1193 Et
966 1170 1023 1193 nos
1048 1170 1067 1192 a
1091 1160 1183 1194 malis
1208 1161 1352 1195 omnibus

901 1209 1026 1241 Vestris
1050 1209 1173 1241 salvate
1197 1209 1357 1248 precibus.

497 1267 526 1299 7.
553 1266 702 1298 Praestet
724 1267 854 1297 aeterna
880 1265 992 1305 deitaS,

553 1312 689 1344 Manens
715 1315 747 1344 et
771 1321 907 1353 regnans
932 1313 1068 1351 trinitas,

555 1359 720 1399 Ingenitus
746 1361 778 1391 et
801 1359 925 1399 genitus

554 1406 600 1439 Et
623 1406 755 1447 spiritus
778 1407 961 1446 paraclitus.

232 1482 316 1509 Miss.
336 1490 390 1509 ms.
410 1482 592 1509 Belisianum
611 1490 686 1509 saec.
709 1480 754 1509 15.

794 1482 865 1509 eod.
885 1482 1055 1510 Bruxellen.
1075 1481 1236 1512 9786—90.

590 1602 658 1634 429.
690 1603 733 1633 De
754 1604 861 1634 sancto
882 1602 1039 1635 Mauritio.

352 1682 383 1715 1.
409 1682 489 1722 Ave,
514 1682 699 1714 beatissima
721 1682 942 1715 Thebaeorum
968 1683 1110 1727 victoria,

412 1729 499 1768 Quae
523 1730 738 1762 sacratissimo
763 1731 875 1762 mortis
900 1731 1063 1770 triumpho

409 1777 590 1809 Ecclesiam
617 1777 736 1810 Christi
759 1777 826 1810 late
848 1777 968 1810 ditasti.

351 1836 381 1867 2.
409 1834 561 1866 Sanctum
585 1834 781 1878 Mauritium‚
812 1836 923 1867 ducem
948 1835 1168 1879 clarissimum,

413 1882 489 1914 Cum
515 1883 616 1915 tribus
642 1882 769 1914 milibus
795 1885 971 1922 martyrum
997 1888 1028 1914 et
1052 1885 1189 1924 amplius

412 1930 466 1961 Ad
490 1931 626 1961 coeleste
651 1930 800 1970 gaudium
825 1930 912 1961 misit
935 1932 1114 1970 Agaunum.

357 1988 388 2020 3.
415 1986 519 2017 Multa
547 1986 718 2018 luminaria
742 1987 876 2027 agminis
900 1985 1104 2028 praefulgida

417 2032 491 2065 Cum
518 2033 572 2072 pio
599 2032 708 2065 Cassio
736 2036 767 2065 et
792 2034 967 2073 Florentio,

413 2080 556 2112 Ducibus
581 2079 782 2119 praeelectis,
809 2080 920 2112 Bonna
945 2080 1091 2115 obtinuit.

355 2138 387 2169 4.
413 2136 594 2176 Agrippina
618 2145 741 2168 sacrum
767 2145 879 2176 agmen
903 2136 1123 2177 Gereonicum,

414 2183 459 2214 Et
483 2183 697 2215 venerabilem
722 2184 902 2224 principem
927 2185 1090 2217 Victorem

419 2230 496 2262 Cum
524 2233 703 2269 martyrum
730 2231 829 2271 copiis
853 2230 952 2270 Troja
976 2232 1127 2271 suscepit.

356 2290 387 2322 5.
413 2286 485 2330 EJ'a,
515 2287 560 2325 pii
585 2289 753 2327 martyres,
780 2287 931 2328 respicite
956 2289 1128 2330 supplices,

418 2334 463 2366 Ut.
495 2334 611 2365 nostris
638 2334 785 2374 precibus
809 2335 1007 2369 obtineamus

415 2381 590 2421 Culparum
615 2381 740 2414 veniam
767 2385 799 2415 et
826 2382 944 2416 Christi
969 2384 1116 2423 gratiam.
