1653 2637
676 130 911 165 -69-

142 226 174 259 3.
201 225 334 258 Plorent
359 234 466 258 omnes
494 235 563 259 cum
588 227 697 261 Maria

247 273 292 305 Et
317 272 480 307 effundant
504 275 650 316 gemitus,

203 320 438 354 Contristentur
463 327 568 356 mente
593 324 648 363 pia

249 369 293 401 Et
317 369 501 410 relinquant
525 371 652 410 penitus

201 416 273 449 Hae
295 417 331 449 in
357 417 409 449 die
429 418 545 450 solatia

250 467 356 505 Atque
381 468 496 499 vacent
516 464 653 499 fletibus.

825 228 857 262 4.
884 227 930 260 Ut
956 235 1025 258 cum
1049 226 1107 259 illa
1131 227 1302 260 sentientes

931 274 1007 307 Nati
1031 283 1089 306 sua
1109 275 1243 307 vulnera

884 323 991 363 Atque
1015 330 1146 363 prorsus
1172 323 1343 355 innitentes

933 369 1036 410 Super
1061 370 1163 402 crucis
1189 368 1321 404 foedera

887 418 1123 458 Gonsequamur
1147 421 1221 458 post
1244 419 1401 451 laetantes

933 465 1018 498 Diva
1043 465 1162 499 Christi
1186 475 1326 499 munera.

219 529 302 558 Offie.
321 530 415 560 BMV.
436 540 493 560 sec..
511 540 598 560 usum
611 532 761 560 Romanae
782 532 881 560 euriae
902 533 973 567 imp.
994 532 1027 558 in
1041 531 1143 559 Castro
1157 532 1255 559 Lauro
1271 531 1367 560 Curti?-
1388 540 1448 560 ma-

137 569 214 604 joris
236 566 318 597 1503.

566 653 627 685 107.
657 654 702 685 Ile
723 653 936 693 compassione
953 652 1041 684 BMV.

669 729 718 760 Ad
737 730 924 760 Matutinum.

150 800 180 834 1.
206 799 308 840 Ligno
336 800 439 831 crucis
466 800 540 832 dum
565 800 728 840 pendebat

206 847 309 881 Natus
334 847 459 880 Mariae
484 847 625 888 virginis,

204 895 363 937 Plangens
387 899 490 928 mater
515 895 685 935 colligebat

204 942 351 976 Fluentis
376 944 478 975 undas
504 943 674 984 sanguinis.

205 1001 285 1034 Post
311 1001 351 1033 de
376 1008 470 1034 cruce
496 1000 708 1040 quaerebatur

204 1048 258 1080 Ad
285 1048 389 1081 coelos
414 1049 544 1080 mittens
569 1048 715 1089 gemitus,

206 1095 297 1134 Quod
321 1096 355 1128 in
381 1104 418 1128 ea
442 1096 643 1128 mactabatur

205 1143 311 1183 Ipsius
335 1143 528 1184 unigenitus.

150 1204 181 1234 3.
208 1201 293 1234 Fera
317 1200 410 1233 nimis
437 1205 470 1234 et
493 1200 642 1241 erudelis,

207 1248 304 1287 Quem
329 1248 501 1281 induebam
527 1247 644 1288 tunica,

206 1295 255 1329 Tu
281 1304 394 1328 cruore
419 1305 458 1328 ex
482 1294 617 1336 flagellis

206 1343 268 1376 Pro
295 1346 383 1376 veste
407 1343 487 1385 tegis
512 1343 623 1376 serica.

148 1403 179 1434 4.
205 1400 276 1441 Ego
301 1402 392 1433 illum
416 1400 594 1440 amplexari

208 1450 311 1489 Saepe
335 1449 476 1481 solebam
502 1448 653 1488 brachiis,

205 1497 303 1536 Quem
327 1500 362 1528 tu
386 1497 532 1528 strictum
557 1494 716 1536 perforari

208 1544 315 1578 Clavis
341 1543 446 1577 fecisti
471 1542 596 1576 ferreis.

147 1003 178 1034 520

834 802 864 834 5.
892 800 960 841 Ego
984 800 1059 840 pavi
1082 799 1166 831 hunc
1188 797 1341 831 infantem

893 848 987 880 Dulei
1010 848 1093 880 laete
1118 847 1270 890 virgineo,

888 895 939 927 Tu
962 893 1078 936 affligis
1107 896 1293 927 morientem

887 943 1006 974 Amaro
1031 945 1109 983 potu
1133 941 1237 974 felleo.

831 1000 861 1032 6.
890 1000 994 1040 Caput
1019 1000 1086 1040 ejus
1110 1002 1175 1031 tam
1202 999 1349 1031 decorum

892 1047 1015 1080 Corona
1037 1047 1152 1087 pungis
1177 1046 1298 1088 spinea,

890 1095 980 1135 Quod
1005 1094 1156 1127 ornabam
1182 1095 1276 1126 sertis
1300 1092 1414 1126 florum

890 1143 978 1175 Inter
1003 1143 1157 1176 convallis
1182 1142 1261 1175 lilia.

833 1201 862 1232 7.
889 1200 1002 1232 Flecte
1025 1208 1139 1240 ramOS,
1166 1199 1262 1232 arbor
1287 1200 1362 1239 alta,

889 1247 934 1279 Et
956 1247 1057 1279 redde
1081 1247 1159 1279 mihi
1182 1245 1293 1287 filium,

893 1295 950 1327 Vel
977 1303 1047 1326 eum
1072 1295 1143 1334 ipso
1169 1295 1263 1326 simul
1286 1296 1393 1326 macta

890 1343 1030 1375 Matrem
1058 1342 1216 1375 dolentem
1244 1343 1385 1376 nimium.

832 1401 864 1433 8.
892 1400 917 1433 O
942 1400 1059 1440 Maria,
1085 1408 1142 1431 nos
1167 1399 1310 1439 privatos

891 1449 987 1480 Patre
1011 1447 1253 1480 misericordiae

889 1495 940 1527 Ne
965 1494 1066 1528 facias
1093 1497 1125 1526 et
1147 1497 1276 1528 orbatos

890 1543 937 1575 Te
961 1546 1071 1575 nostra
1094 1546 1197 1575 mat-re
1219 1543 1353 1584 gratiae.

501 1602 532 1634 9.
560 1600 625 1634 Sed
648 1599 710 1642 fae,
737 1603 773 1632 ut
788 1603 892 1632 tecum
908 1601 1062 1641 plangere

557 1648 623 1681 Hie
646 1657 773 1688 semper
795 1649 892 1681 simus
917 1647 1044 1691 fervidi,

561 1697 608 1731 Ut
629 1700 703 1736 post
726 1697 885 1736 possimus
911 1697 1066 1729 scandere

562 1744 615 1778 Ad
640 1753 771 1777 coenam
793 1745 869 1785 agni
892 1744 1031 1784 providi.

225 1811 308 1839 offic.
327 1811 421 1839 BMV.
443 1818 501 1839 seo.
523 1819 608 1838 usum
622 1810 775 1838 Romanae
796 1811 895 1838 curiae
915 1812 985 1848 imp.
1006 1812 1039 1838 in
1053 1810 1155 1838 Castro
1170 1811 1268 1838 Lauro
1287 1809 1384 1837 Curtis
1405 1817 1465 1837 ma-

143 1851 219 1887 joris
236 1847 319 1878 1503.

569 1932 632 1965 108.
661 1933 705 1965 De
727 1932 940 1974 compassione
960 1932 1047 1963 BMV.

704 2011 753 2040 Ad
771 2010 901 2041 Laudes.

150 2087 180 2120 1.
208 2087 309 2120 Juxta
336 2092 462 2117 erucem
489 2081 678 2123 deplorabat

206 2132 323 2174 Maria,
351 2132 441 2173 virgo
467 2131 636 2171 virginum,

208 2184 244 2216 In
267 2191 330 2222 qua
353 2181 458 2213 nudus
485 2178 671 2219 exspirabat

208 2230 363 2265 Coelestis
389 2228 544 2269 splendor
566 2227 730 2259 luminum.

150 2290 180 2323 2.
209 2289 233 2322 O
261 2287 385 2320 Judaee
410 2287 576 2329 scelerate,

207 2335 298 2369 Haec
322 2343 392 2368 meo
418 2334 529 2367 reddis
554 2333 636 2374 filio,

210 2384 313 2417 Stulte
337 2383 432 2416 nimis
459 2385 491 2415 et
515 2383 653 2426 ingrate,

209 2434 273 2466 Pro
298 2434 387 2465 tanto
411 2429 595 2464 beneficio?

843 2083 873 2115 3.
899 2081 961 2114 Ille
986 2081 1048 2113 tuis
1073 2080 1236 2121 reparavit

899 2129 1030 2162 Claudis
1052 2138 1206 2171 gressum,
1235 2130 1337 2161 caeeis
1356 2130 1469 2167 visum,

901 2177 1041 2210 Verbum
1066 2178 1162 2210 mutis
1188 2178 1376 2220 propinavit

900 2226 1033 2259 Omnem
1060 2235 1174 2258 curans
1202 2229 1233 2257 et
1257 2226 1429 2267 leprosum.

839 2284 872 2318 4.
899 2285 976 2325 Ipse
1001 2284 1061 2316 tibi
1087 2284 1266 2325 suscitavit,

898 2333 982 2372 Quos
1004 2331 1182 2372 plangebas
1204 2332 1271 2372 jam
1291 2330 1470 2371 defunctos,

902 2382 1006 2412 Aures
1032 2380 1139 2413 surdis
1166 2381 1345 2421 adaptavit,

902 2429 1039 2463 Cunctos
1065 2438 1183 2462 sanans
1212 2431 1243 2460 et
1268 2430 1427 2470 aegrotos
