1653 2637
748 122 980 157 -64-

657 224 702 255 96.
730 223 767 255 In
785 223 959 255 Nativitate
983 221 1069 253 BMV.

765 291 812 320 Ad
833 290 958 320 Laudes.

216 361 246 392 1.
272 359 393 391 Hortus
413 361 576 392 conclusus
592 364 695 392 mater
707 360 833 396 Christi,
895 361 925 392 3.
952 359 1001 391 Ibi
1027 361 1169 390 nostrum
1189 357 1251 398 fige
1275 365 1428 397 gressum,

275 406 510 448 Circumseptus
533 416 628 438 manu
652 407 723 442 Dei,
949 406 1002 437 Ne
1025 407 1196 446 perdamus
1219 405 1305 436 vitae
1327 406 1466 443 portum,

275 454 358 485 Nam
380 463 516 486 vernans
541 454 644 494 gignis
668 454 779 491 lilium,
955 453 1211 492 Contemplantes
1236 454 1356 483 tantum
1385 454 1513 489 partum

272 501 425 534 Mundem
449 510 560 541 regens
585 502 776 532 universum.
950 500 1078 532 Trabea
1102 500 1205 531 carnis
1231 499 1377 531 obsitum.

212 557 247 588 2.
273 557 377 597 Hujus
400 557 545 588 umbram
571 557 713 596 quisquis
737 557 816 598 adit,
892 558 925 589 4.
952 558 1013 589 Pro
1039 555 1150 587 liberis
1174 554 1267 587 flecte
1291 558 1427 594 patrem,

270 605 387 635 Aestus
413 604 515 635 carnis
540 612 600 635 non
627 603 760 646 timebit,
949 603 1061 642 Decet,
1087 603 1226 643 inquam,
1254 602 1345 634 decet
1369 604 1515 641 matrem,

269 653 320 682 Ac
342 651 464 682 redolet
489 653 600 690 partus
625 650 767 693 virginis,
950 651 1068 691 Quibus
1094 651 1204 682 reddit
1227 649 1421 689 paradisum,

271 699 366 737 CuJus
392 696 498 729 fructu
526 698 716 738 saginamur.
949 698 999 730 Ne
1022 697 1107 730 ferat
1130 698 1163 729 in
1188 697 1360 729 interitum.

645 757 676 788 5.
704 754 815 787 Gloria
838 754 906 798 tibi,
933 755 1078 788 Domine.

290 829 394 856 Dium.
421 838 474 856 ms.
494 830 666 858 Brisacense
694 838 769 858 saec.
800 828 842 857 15.
884 829 952 857 Cod.
977 831 1147 866 Fiiburgen.
1171 828 1207 858 56
1228 829 1262 856 Α.
1284 844 1320 847 -
1339 830 1426 857 BreV.
1448 828 1518 856 C'on-

214 867 376 894 stantiense
395 867 465 903 imp.
486 876 509 895 s.
530 867 549 895 l.
571 870 601 895 et
620 876 646 895 a.
666 868 700 895 B.
720 882 759 886 —
780 866 804 902 1,
826 866 844 896 3
862 876 985 904 vergens
1005 870 1039 896 Β,
1058 882 1096 886 —
1117 866 1143 901 2,
1162 867 1182 895 4
1201 867 1311 894 fructus
1330 867 1390 895 AB.

667 989 711 1020 97.
741 988 777 1020 111
796 987 947 1020 Illatinne
966 988 1053 1020 BMV.

749 1055 799 1085 Ad
818 1056 974 1093 Vesperas.

214 1121 243 1153 1.
269 1122 468 1155 Exsultando
494 1126 595 1155 mater
619 1125 722 1164 gaude
894 1126 925 1157 4.
953 1125 1051 1162 Haec,
1078 1133 1275 1166 quaesumus,
1301 1123 1493 1164 precamina,

317 1170 410 1202 Felix
435 1180 519 1202 nunc
544 1172 686 1214 ecclesia,
1001 1172 1060 1212 Qui
1086 1181 1191 1204 coram
1215 1174 1247 1202 te
1272 1172 1445 1209 adstamus,

271 1216 348 1248 Dies
373 1217 464 1248 adest
490 1219 585 1259 digna
608 1219 703 1251 laude
953 1220 1073 1251 Nostra
1096 1220 1200 1252 solvat
1226 1220 1420 1258 peccamina,

306 1264 368 1296 Per
392 1273 543 1297 annorum
569 1267 683 1307 spatia,
999 1267 1044 1299 Ut
1069 1267 1188 1298 coelum
1214 1266 1391 1304 subeamus,

271 1311 334 1343 Pro
359 1313 515 1351 serpentis
539 1313 625 1344 redit
647 1314 762 1345 fraude
952 1314 1109 1346 Malorum
1136 1317 1168 1345 et
1192 1314 1336 1345 examina

316 1359 413 1398 Virgo
437 1360 533 1398 plena
555 1361 667 1399 gratia.
998 1360 1122 1393 Ibidem
1149 1361 1331 1395 evadamus

213 1415 244 1446 2.
270 1414 321 1446 Ab
348 1417 475 1447 aeterno
500 1416 647 1448 ordinata
895 1420 925 1451 5.
951 1418 1012 1450 Illo
1037 1420 1140 1449 tecum
1164 1419 1197 1450 in
1220 1419 1327 1458 patria

318 1462 483 1501 Templum
508 1472 592 1495 nunc
615 1464 801 1508 ingreditur,
999 1466 1188 1499 Perenniter
1212 1464 1366 1505 fruamur,

272 1509 356 1548 Quae
381 1510 546 1549 prophetis
570 1513 774 1552 praesignata
951 1513 1047 1552 Quem
1072 1513 1126 1544 hic
1147 1514 1183 1545 in
1205 1513 1257 1544 via
1281 1514 1376 1545 latria

317 1558 356 1589 In
380 1557 547 1596 scripturis
572 1560 712 1591 creditur
998 1561 1126 1594 Orando
1150 1569 1348 1603 veneramur,

272 1604 322 1635 Ac
345 1613 418 1635 mox
443 1604 510 1637 Deo
535 1603 706 1638 fecundata
950 1607 1000 1639 Ne
1024 1608 1066 1640 ad
1088 1607 1206 1640 inferni
1230 1608 1312 1639 atria

320 1651 432 1690 Neque
455 1656 550 1691 partu
572 1653 719 1686 laeditur.
996 1655 1132 1687 sinistre
1155 1655 1378 1695 perducamur,

215 1708 245 1739 3.
273 1707 363 1751 Veni,
392 1708 492 1740 duleis
518 1709 711 1750 virguncula.
892 1712 922 1744 6.
951 1711 1094 1744 Genitori
1118 1713 1287 1752 genitoque

317 1755 432 1787 Hostia
457 1756 649 1796 dignissima.
1001 1761 1086 1792 Laus
1113 1763 1145 1791 et
1165 1760 1323 1803 jubilatio,

272 1802 371 1834 Verbi
397 1803 495 1835 divini
519 1805 637 1846 gerula,
953 1808 1057 1846 Same,
1082 1807 1192 1850 honor,
1220 1808 1321 1839 virtus
1347 1817 1479 1848 quoque,

319 1850 416 1889 Virgo
440 1852 663 1889 sacratissima,
1000 1854 1182 1887 Gratiarum
1207 1856 1298 1898 actio,

272 1897 410 1938 Indigna
432 1902 543 1931 nostra
567 1900 697 1932 verbula
953 1902 1145 1934 Procedenti
1166 1903 1205 1934 ab
1229 1905 1365 1943 utroque

318 1944 414 1984 Audi,
442 1945 673 1986 benignissima.
997 1949 1134 1989 Compar
1158 1951 1199 1981 sit
1224 1950 1376 1985 laudatio.

287 2017 372 2045 Brev.
394 2018 541 2048 Vei-dense
561 2021 630 2055 imp.
652 2030 674 2048 s.
695 2022 714 2049 1,
737 2020 819 2049 1480.
840 2038 877 2042 -
900 2021 923 2056 1,
943 2021 963 2050 4
983 2024 1040 2051 Per
1061 2031 1197 2051 amorem.
1218 2038 1255 2042 --
1276 2022 1302 2057 3,
1325 2023 1342 2053 3
1364 2025 1458 2053 divini
1480 2035 1522 2054 er-

213 2054 309 2089 giinzt.
328 2071 367 2075 —
387 2054 415 2090 5,
436 2055 454 2082 2
473 2059 662 2092 perfruamur.
684 2073 720 2078 —-
741 2058 769 2093 5,
790 2058 807 2087 6
828 2061 1039 2096 praedicamur.

650 2180 694 2211 93.
727 2180 771 2212 De
791 2180 982 2212 visitatione
1000 2181 1088 2213 BMV.

213 2244 243 2277 1.
270 2246 349 2285 Ave,
375 2246 469 2278 stella
492 2248 599 2288 maris,
894 2252 924 2282 2.
953 2252 1087 2284 Scandis
1112 2253 1154 2284 ad
1173 2256 1332 2297 montana,

271 2292 390 2324 Parens
416 2302 528 2333 expers
554 2297 651 2337 paris,
953 2299 1018 2331 Ubi
1041 2302 1194 2332 veterana

272 2339 362 2378 Quod
386 2340 418 2372 in
443 2344 476 2373 te
500 2343 543 2374 sit
566 2346 637 2375 orta
952 2346 1095 2379 Noverat
1118 2356 1278 2388 expresse³

269 2387 341 2420 Lux
363 2389 398 2421 in
422 2388 498 2421 Sion
521 2392 625 2430 porta.
953 2394 1044 2433 Quod
1073 2395 1118 2426 sis
1142 2396 1235 2437 virga
1258 2396 1360 2431 Jesse.
