1653 2637
671 119 904 155 —43—

371 215 402 248 7.
428 215 484 259 'I'e⁷
514 219 625 249 sancta
651 217 752 251 deitas
777 226 911 260 unaque,
937 218 1105 259 poscimus,

423 263 551 296 Mentes
574 267 612 296 ut
634 265 756 308 abluas,
785 265 918 297 crimina
940 273 1075 308 reseces,

425 311 575 344 Praestes
599 315 631 344 et
655 312 781 346 famulis
806 316 937 345 aeterna
960 313 1103 353 praemia

474 358 536 391 Per
563 363 677 393 cuncta
699 369 824 402 semper
849 361 986 393 saecula.

201 422 287 450 Brev.
318 432 371 451 ms.
392 423 422 451 S.
442 424 592 453 Ambrosii
610 426 775 454 Florentini
796 428 866 454 anni
886 424 969 454 1518.
1010 425 1079 454 Cod.
1099 427 1237 454 Laurent.
1260 425 1349 454 Conv.
1371 435 1437 463 sup.

126 458 173 488 90.
195 460 229 488 A.
249 476 288 482 —-
307 460 389 490 offic.
409 471 463 490 ms.
479 461 508 490 S.
523 463 672 492 Ambrosii
693 473 768 492 saec.
790 462 835 492 15.
869 464 938 492 Cotl.
953 463 1082 492 Florent.
1094 464 1286 502 Magliabecc.
1299 464 1438 493 XXXVI.

125 496 236 565 ngf’s
249 496 341 566 ΞΒΒ,
364 499 378 528 1
399 500 533 529 Mutatur
553 503 706 538 sanguinis
727 503 761 530 A.
783 518 821 522 —
841 501 868 539 4,
888 500 906 530 3
927 505 1063 531 concerta
1082 503 1115 530 B.
1135 517 1172 522 —-
1193 501 1219 536 5,
1239 500 1256 530 3
1277 504 1385 531 terreat
1403 503 1437 539 A,

211 546 221 564 1
314 558 320 564 .

524 612 568 644 66.
599 612 635 644 In
654 612 858 645 Dedicatione
877 612 1047 645 Ecclesiae.

667 671 716 701 Ad
735 671 894 709 Vesperas.

128 730 159 763 1.
187 728 258 762 Hoc
281 730 411 762 honoris
436 731 483 762 tui
507 731 661 771 templum
829 733 861 765 6.
887 731 960 763 Illic
985 734 1033 763 est
1057 732 1273 771 apostolorum

237 786 307 809 cum
334 778 459 810 decoris
484 778 587 818 gloria
931 787 1021 811 sacer
1045 779 1138 811 adest
1160 788 1318 819 numerus,

185 824 269 869 Tibi,
299 825 435 865 Christe,
461 830 688 866 praeparatum
887 826 985 858 Urbis
1012 827 1116 858 celsae
1139 827 1192 867 qui
1218 827 1360 859 credenti

235 873 275 905 de
299 874 446 913 supernis
472 873 576 907 visita.
934 876 1044 914 portas
1068 874 1157 914 plebi
1180 877 1313 907 reserat.

126 931 160 964 2.
186 930 234 963 Te
258 938 437 971 precamur,
462 930 515 962 hie
539 931 661 972 adesto,
829 932 861 964 7.
887 931 1023 963 Carmen
1047 930 1174 964 Christo
1201 932 1394 971 triumphale

238 978 383 1010 conditor
407 978 608 1010 sanctissime
936 979 1050 1010 chorus
1077 980 1184 1011 cantat
1206 981 1390 1022 martyrum,

189 1026 296 1066 Atque
322 1029 525 1058 consecrator
549 1027 631 1068 ipse⁷
886 1025 1008 1064 Quanto
1034 1026 1128 1065 plura
1152 1034 1265 1066 passus
1289 1027 1395 1067 isthic,

236 1074 289 1105 hic
314 1074 426 1105 adesto
447 1073 578 1115 jugiter.
934 1073 1002 1105 illic
1026 1075 1116 1105 tanto
1140 1073 1263 1106 laetior.

128 1131 161 1163 3.
186 1130 278 1163 Haec
302 1133 350 1162 est
374 1129 435 1162 tibi
459 1132 646 1163 consecrata
829 1132 860 1165 8.
885 1130 1002 1162 Rectos
1027 1130 1125 1162 corde
1149 1134 1279 1163 cunctus
1303 1140 1399 1163 unum

234 1178 355 1210 micans
380 1178 453 1210 aula
478 1178 591 1210 similis
935 1178 1040 1218 replet
1062 1177 1108 1209 ibi
1132 1178 1290 1219 gaudium,

187 1225 402 1266 Hierusalem,
437 1233 518 1265 quae
542 1228 592 1257 est
614 1228 757 1257 nostrum
889 1225 949 1264 Qui
975 1225 1128 1257 distincta
1150 1235 1210 1266 pro
1236 1226 1394 1259 distinctis

236 1274 321 1305 celsa
345 1275 450 1306 mater
474 1273 622 1307 omnium.
934 1276 1062 1305 sumunt
1088 1273 1171 1305 dona
1194 1273 1326 1306 meritis.

130 1332 161 1363 4.
190 1331 285 1370 Cujus
307 1331 426 1362 multae
450 1331 628 1362 mansiones
832 1332 863 1364 9.
889 1330 1096 1362 Exsultantes
1120 1329 1320 1363 manifestam

235 1379 344 1410 insunt
367 1378 485 1418 amplis
511 1377 684 1419 moenibus,
935 1377 997 1410 Dei
1022 1381 1156 1409 cernunt
1178 1376 1300 1420 faciem,

190 1425 335 1467 Namque
359 1425 425 1458 suis
451 1425 584 1466 quisque
607 1426 715 1458 sedem
888 1425 976 1457 'Dant
1001 1425 1164 1465 aequalem
1186 1429 1373 1459 coaeternae

235 1473 330 1506 sumit
360 1473 455 1507 factis
482 1481 661 1514 congruam.
934 1473 1071 1505 trinitati
1096 1472 1240 1513 gloriam.

131 1533 162 1564 5.
185 1531 292 1564 Mater
315 1531 362 1563 ibi
387 1535 452 1569 tua,
483 1531 572 1571 Jesu,
820 1531 874 1564 10.
892 1529 1039 1562 Gloriosa
1066 1529 1136 1563 Deo
1162 1531 1248 1571 patri

235 1581 356 1612 turmas
383 1580 501 1612 ducens
526 1578 683 1619 virginum
939 1579 1116 1619 dilectoque
1139 1577 1206 1611 filio

186 1627 307 1659 Locum
332 1629 420 1660 tenet
443 1627 529 1659 intra
551 1627 656 1658 laetae
889 1625 974 1658 Laus
999 1631 1030 1657 et
1054 1626 1156 1658 honor
1182 1628 1214 1657 et
1234 1628 1375 1666 potestas

233 1684 340 1707 muros
365 1674 454 1707 urbis
477 1674 643 1715 optimum.
935 1674 976 1705 sit
1003 1682 1072 1705 cum
1097 1676 1207 1706 sancto
1232 1674 1356 1714 spiritu.

207 1741 298 1769 Psalt.
319 1750 372 1769 ms.
393 1740 554 1769 Turicense
575 1748 651 1768 saec.
672 1737 745 1767 12l13.
787 1739 856 1767 Cod.
879 1738 966 1767 Civit.
986 1739 1121 1767 Tui-icen.
1140 1739 1162 1767 C
1182 1737 1227 1767 63.
1241 1741 1275 1768 A.
1296 1754 1333 1758 —
1353 1740 1446 1769 Psalt.

130 1788 183 1807 ms.
202 1780 407 1816 Augustanum
426 1787 502 1807 saec.
525 1776 569 1806 15.
603 1778 672 1805 Cod.
693 1778 849 1805 Taurinen.
870 1777 896 1805 Ε
917 1778 961 1805 IV
980 1775 1025 1805 27.
1039 1778 1073 1805 B.
1093 1793 1130 1797 ..,
1143 1778 1229 1805 Brev.
1242 1778 1446 1815 Augustauum

131 1819 202 1855 imp.
224 1815 310 1845 15**.
331 1817 362 1845 O.
382 1831 420 1836 —-
439 1817 489 1845 BC
507 1817 606 1844 haben
625 1825 681 1844 nur
701 1815 749 1843 die
769 1815 826 1843 Str.
848 1814 863 1843 1
894 1813 913 1842 2
940 1813 958 1843 3
988 1813 1007 1842 4
1038 1814 1087 1850 105
1114 1824 1173 1843 von
1192 1813 1218 1851 3,
1239 1814 1257 1845 3
1278 1824 1316 1843 an
1337 1819 1377 1845 ist
1396 1818 1447 1846 der

130 1857 268 1892 Hymnus
297 1856 430 1884 entlehnt
456 1864 508 1883 aus
535 1855 600 1883 dem
625 1855 705 1882 alten
724 1838 887 1882 Abcdariu's
907 1836 992 1881 Anal.
1009 1836 1080 1888 'X11,
1108 1851 1153 1882 38.
1179 1869 1216 1874 —
1240 1853 1270 1889 2,
1300 1854 1313 1882 1
1336 1856 1377 1884 Te
1398 1857 1446 1884 de-

130 1904 284 1931 precamur
304 1894 369 1930 BC·⁷
399 1894 501 1922 adesse
521 1893 555 1921 B.
576 1907 614 1912 —-
632 1891 666 1927 4,
691 1890 705 1920 1
727 1892 824 1928 Hujus
845 1892 901 1921 BC.
922 1906 960 1910 —
979 1889 1007 1925 4,
1026 1890 1046 1920 4
1063 1893 1149 1920 factis
1170 1900 1330 1929 congruam
1348 1894 1447 1923 fehlen

130 1934 165 1961 A.
187 1949 223 1954 —-
245 1932 271 1969 9,
293 1931 311 1961 2
329 1933 435 1961 faciem
455 1932 529 1961 fehlt
547 1932 581 1960 A.
605 1946 639 1951 —-
663 1930 707 1964 10,
728 1929 748 1959 4
773 1933 861 1967 atque
881 1934 982 1959 sancto
1004 1932 1110 1967 spiritu
1129 1931 1163 1959 A.

532 2006 576 2038 67.
604 2005 641 2038 In
661 2004 863 2038 DedicatIOne
881 2004 1051 2038 Ecclesiae.

398 2071 429 2103 1.
457 2069 584 2103 Christe
608 2069 759 2101 immense
786 2068 965 2102 dominator
989 2071 1107 2108 sancte,

459 2117 619 2151 Conversa
642 2116 780 2158 plebem,
807 2126 900 2157 quam
924 2119 960 2149 tu
983 2116 1158 2157 redemisti,

458 2165 619 2207 Sanguine
643 2175 734 2198 sacro
759 2168 813 2197 tuo
838 2165 979 2205 pretioso

504 2215 581 2254 Ipse
604 2213 746 2248 salvasti.

398 2275 430 2307 2.
458 2272 619 2306 Conserva
643 2271 771 2313 plebem
795 2273 894 2314 tuam,
921 2272 1001 2305 Jesu
1026 2270 1164 2312 Christe,

457 2322 501 2355 Et
529 2319 581 2353 fac
605 2319 760 2353 haeredes
785 2322 890 2351 tecum
914 2322 1123 2359 perseverent

460 2369 593 2410 Semper
617 2369 777 2401 adsistant
801 2368 985 2408 pariterque
1009 2376 1117 2401 omnes

504 2417 633 2451 Laudes
661 2414 794 2449 referre.
