1653 2637
704 127 962 164 —193—

182 224 214 256 3.
242 222 394 255 Castae
419 224 591 264 parenti
611 224 778 264 jugiter

238 269 356 303 Exstas
384 270 517 303 devotus
542 271 683 313 Domini,

238 316 310 358 Die,
336 321 432 350 noctu
456 319 607 351 alacriter

236 364 297 397 His
324 365 421 398 corde
446 367 548 398 servis
575 367 724 407 supplici.

869 227 900 259 6.
927 225 1085 267 Foeno,
1113 235 1190 267 quo
1211 226 1409 259 Christus
1431 226 1497 266 ja-

1271 274 1362 306 cuit

927 321 1017 354 Inter
1042 321 1155 355 bovem
1181 325 1213 354 et
1238 323 1372 363 asinum,

929 369 1012 402 Prae
1039 371 1161 403 cunctis
1187 371 1248 403 tibi
1272 371 1393 411 placuit

929 417 1033 450 Locus
1058 418 1091 451 ln
1116 418 1345 451 habitaculum.

181 480 212 512 4.
239 479 394 513 Domus
417 481 568 521 pudici
592 484 790 522 pectoris
872 485 902 516 7.

239 527 301 561 Tui
326 527 364 560 fit
388 527 449 560 Dei
474 530 608 571 mansio,

241 574 376 608 Carnem
404 577 535 609 domans
554 577 695 617 Jejuniis,

242 622 447 656 Conversaris
472 624 507 656 in
533 632 647 657 erem0.

931 483 1097 517 Gaudet
1146 485 1299 518 chorus
1348 494 1440 517 coe-

1270 533 1283 564 l
1293 541 1310 564 c
1319 541 1333 563 s
1347 533 1380 564 ti
1391 542 1412 564 u
1419 542 1450 563 m

931 579 994 612 Pro
1021 579 1078 611 tali
1104 580 1178 611 dato
1206 580 1336 621 collega,

930 626 989 666 Qui
1015 627 1175 666 baptistae
1199 637 1259 667 par
1283 628 1426 669 praemio

931 673 993 706 Est
1017 675 1085 707 sola
1110 676 1240 714 dempta
1266 676 1404 708 aureola.

182 738 213 770 5.
239 736 379 769 Enixa
402 740 464 769 est
490 747 706 778 puerpera
873 742 903 774 8.

240 784 337 825 Virgo
362 784 466 817 Deum
491 786 524 817 in
550 786 747 831 Bethlehem,

241 831 370 864 Caduca
393 842 549 874 spernens
576 835 682 867 omnia

241 879 345 912 Vitam
372 889 433 920 quo
461 881 551 913 ducis
578 882 742 915 caelibem.

932 740 1082 774 Gloria
1107 740 1210 780 tibi,
1236 741 1432 782 Domine,

930 789 990 828 Qui
1014 797 1071 821 nos
1096 797 1193 829 prece
1216 789 1405 830 Hieronymi

930 835 1069 868 Mundes
1094 837 1135 868 ab
1161 837 1245 870 omni
1273 837 1404 868 crimine

931 884 1081 924 Coelique
1103 885 1217 924 jungas
1245 884 1372 924 agmini.

260 963 345 991 Brev.
367 972 420 991 ms.
442 964 472 992 S.
495 965 657 993 Donatiani
671 967 796 1002 Brugen.
816 968 885 1002 imp.
901 967 1025 995 Parisiis
1049 965 1131 996 1520.
1184 983 1190 985 -
1204 967 1261 996 Die
1285 969 1382 995 ersten
1396 968 1497 996 boile„

181 1001 254 1029 aller
281 1001 428 1037 Strophon
452 1001 496 1035 (6,
525 1001 539 1031 1
569 1012 624 1031 nur
651 1005 800 1035 teilweise)
824 1005 890 1032 sind
917 1004 974 1033 den
1001 1006 1250 1042 cntsprechenden
1275 1005 1422 1042 Strophen
1447 1006 1491 1034 de:

179 1039 467 1069 Weihnaehtsliedes
489 1041 539 1068 dos
561 1042 698 1070 Sedulius
720 1042 859 1070 entlehnt.

598 1187 664 1219 328.
694 1189 737 1220 De
757 1190 864 1220 sancto
885 1188 1081 1229 Hieronymo,

741 1275 789 1304 Ad
810 1275 937 1305 Laudes.

178 1355 209 1387 1.
238 1355 374 1394 Christe,
401 1356 583 1387 sanctorum
608 1355 747 1387 omnium

233 1403 377 1434 Aeterna
401 1403 487 1434 salus
513 1402 685 1445 hominum,

236 1450 348 1482 Honor
373 1452 406 1481 te
432 1450 525 1482 decet
549 1450 729 1490 Dominum,

235 1497 295 1536 Qui
321 1499 447 1530 laureas
474 1497 714 1537 Hieronymum,

174 1567 205 1598 2.
232 1564 296 1597 Hic
322 1565 469 1596 haereses
496 1564 648 1607 eliminat,

229 1612 386 1645 Errorum
412 1612 512 1644 nubes
537 1611 698 1654 profugat,

228 1660 416 1692 Dissolvens
442 1660 543 1692 nodos
568 1664 700 1703 reserat,

230 1708 422 1748 Aenigmata
447 1707 612 1740 dilucidat.

172 1777 203 1809 3.
230 1774 405 1807 Doctrinae
428 1782 543 1814 panem
571 1774 692 1815 tribuit,

230 1822 394 1863 Laqueum
420 1821 532 1853 mortis
558 1821 680 1862 diripit,

228 1870 280 1903 Ex
305 1869 388 1902 falso
414 1878 524 1901 verum
551 1869 648 1909 elicit,

229 1918 359 1951 Scutum
387 1922 419 1950 et
444 1926 533 1949 arma
559 1918 705 1951 conterit.

168 1988 201 2019 4.
229 1985 416 2026 Scripturae
441 1986 554 2026 planat
578 1993 694 2024 aspera

225 2033 416 2074 Tranquilla
439 2032 598 2074 praebens
624 2031 765 2076 foedera,

221 2081 341 2115 Aufert
365 2090 540 2123 pravorum
564 2081 688 2114 scelera

227 2130 351 2163 Cuncta
375 2130 516 2169 probans
541 2138 600 2171 per
625 2138 733 2170 opera.

163 2201 193 2232 5.
219 2198 360 2240 Linguas
388 2198 551 2239 dispersas
577 2201 739 2239 aggregat,

224 2247 312 2279 Malo
340 2247 516 2279 concordes
542 2249 699 2287 segregat,

224 2294 343 2335 Egenti
367 2304 495 2327 manum
524 2297 644 2336 erogat,

222 2342 351 2375 Christo
377 2341 505 2376 fallenti
532 2343 675 2383 derogat.

890 1356 920 1387 6.
937 1355 1081 1387 Mentem
1106 1358 1248 1387 arentem
1272 1356 1397 1399 irrigat,

939 1403 1116 1435 Vecordem
1140 1403 1193 1443 pie
1218 1404 1351 1448 mitigat,

936 1449 1113 1483 infertilem
1140 1449 1324 1489 fructificat,

937 1499 1141 1531 Peccatorem
1168 1498 1327 1532 aedificat.

890 1566 918 1596 7.
936 1565 1084 1597 Lucerna
1109 1567 1222 1605 patens
1248 1565 1365 1605 radiat,

935 1612 1075 1645 Verbum
1102 1615 1264 1645 aeternum
1290 1614 1435 1653 seminat,

934 1661 1039 1693 Horas
1068 1661 1265 1700 distinguens
1291 1662 1421 1693 ordinat

933 1708 977 1740 Et
1004 1708 1131 1740 collisos
1157 1708 1299 1741 alleviat.

886 1775 917 1807 8.
931 1775 1060 1814 Legem,
1088 1783 1168 1814 quae
1193 1775 1309 1814 linguis
1334 1778 1456 1815 evagat,

934 1822 998 1854 Sub
1025 1831 1088 1853 una
1113 1822 1192 1853 mire
1215 1826 1394 1866 congregat,

931 1871 967 1903 In
994 1869 1086 1902 libris
1112 1870 1159 1901 sic
1183 1868 1337 1912 nidificat,

931 1918 1021 1957 Quod
1049 1915 1210 1949 fructuose
1234 1917 1385 1957 pullulat.

886 1986 915 2016 9.
933 1985 1097 2017 Studendo
1121 1993 1156 2016 se
1181 1985 1346 2025 exercitat,

933 2033 1037 2066 Saecli
1062 2042 1153 2065 curas
1180 2032 1375 2073 suppeditat,

931 2083 993 2114 Pro
1018 2080 1081 2113 fine
1109 2080 1269 2113 Christum
1295 2082 1464 2124 quaeritat,

932 2130 1027 2169 Cujus
1053 2130 1135 2162 dono
1161 2128 1207 2161 sic
1232 2129 1354 2161 rutilat.

857 2198 912 2231 10.
927 2198 1103 2230 Tantorum
1129 2196 1171 2228 ad
1197 2196 1381 2229 memoriam

929 2245 1056 2277 Summo
1084 2254 1232 2277 canamus
1259 2245 1403 2287 gloriam,

930 2295 994 2326 Per
1020 2294 1109 2334 cujus
1135 2293 1188 2325 hic
1212 2292 1379 2326 victoriam

929 2342 1105 2373 Labentem
1131 2342 1253 2381 sprevit
1280 2342 1426 2373 scoriam.

238 2425 342 2462 Propr.
364 2427 589 2455 Boscoduceuse
607 2428 678 2463 imp.
699 2426 887 2461 Antwerpiae
908 2433 930 2452 s.
952 2434 978 2453 a.

218 2478 345 2505 Dreves,
360 2477 450 2507 Hymni
462 2477 560 2501 Inediti.
589 2477 623 2500 Π.

1281 2471 1314 2501 13
