1653 2637
729 159 770 164 ——
825 140 979 175 144—

494 239 525 270 6.
551 236 675 270 Dehinc
699 236 824 270 vocavit
846 236 934 269 idola
959 236 1107 277 colentes,

550 286 683 318 Praesto
705 285 830 325 sedere,
856 291 961 315 secum
986 286 1022 315 ut
1045 283 1207 316 adstantes

550 331 690 365 Probent
713 340 840 364 suorum
864 329 1039 370 falsamque
1064 331 1193 363 deorum

597 379 681 411 Fore
710 380 869 412 virtutem.

496 457 527 488 7.
552 454 627 488 Viri
649 457 727 485 tune
752 462 874 495 quoque
894 452 978 485 fanis
1005 452 1197 485 confidentes

551 502 676 534 Intrant
701 501 843 540 protervi
866 501 1030 541 sexaginta
1055 501 1200 541 quinque,

549 548 642 587 Capit
667 548 826 580 demersos
851 547 958 588 abyssi
982 546 1174 588 profundum

595 595 699 635 Opere
723 595 793 628 Dei.

492 673 524 704 8.
550 670 683 710 Suscipe
705 673 781 702 vota
805 670 981 710 supplicum
1007 674 1143 709 tuorum,

547 719 610 751 Per
638 720 670 749 te
689 718 755 758 J'am
779 718 880 757 culpis
905 719 1029 750 veniam
1053 718 1093 749 da
1118 718 1219 760 nobis,

545 766 589 799 Ut
613 765 683 805 tibi,
710 765 843 804 Christe,
867 764 987 806 jugiter
1011 765 1154 798 vivamus

596 811 720 845 Gaudio
741 813 883 853 perenni.

281 908 365 935 BreV.
386 916 438 934 ms.
451 907 687 935 Fredeslariense
706 915 780 935 saec.
804 904 847 934 15.
883 907 952 935 Cod.
968 906 1115 935 Oasselau.
1130 908 1186 935 Ms.
1206 907 1292 935 theol.
1305 907 1369 935 Fol.
1392 905 1454 935 145.
1468 920 1504 925 —

205 943 231 980 2,
255 944 269 972 1
290 946 347 973 Dei
367 945 471 980 gehssrt
487 945 642 980 jedenfalls
663 954 699 972 zu
721 947 831 973 virtute
851 943 877 979 2,
901 943 927 973 3.
948 960 986 964 —
1006 945 1031 981 6,
1052 942 1070 973 3
1089 945 1281 982 Probentque.

653 1093 723 1124 240.
753 1093 797 1124 De
818 1094 923 1124 saneto
944 1092 1057 1125 Blasio.

443 1182 474 1216 1.
500 1182 641 1222 PraesuI,
666 1182 799 1222 insignis
823 1182 944 1222 pietate
967 1183 1076 1222 multa,

499 1230 679 1270 Martyrum
710 1229 828 1267 Christi
854 1228 949 1262 decus
973 1233 1068 1271 atque
1092 1230 1252 1271 splendor,

499 1278 589 1310 Inter
613 1279 645 1308 et
666 1277 785 1316 primos
810 1278 990 1310 venerande
1014 1279 1148 1321 sanctos,

545 1324 661 1357 Inelite
687 1325 786 1358 Blasi.

441 1402 473 1433 2.
498 1401 547 1433 Tu
570 1400 658 1433 velut
681 1400 770 1432 sidus
795 1400 924 1432 radians
948 1402 1095 1441 potenter

497 1447 606 1480 Plebis
631 1449 767 1480 errantis
792 1447 940 1480 tenebras
965 1447 1091 1489 fugasti,

496 1495 660 1535 Dogmatis
689 1496 772 1527 sacri
793 1495 900 1536 jubar,
927 1505 1009 1535 ecee,
1036 1504 1200 1537 spargens,

544 1543 659 1576 Inclite
682 1542 781 1576 Blasi.

441 1620 472 1653 3.
498 1619 589 1651 Inter
614 1619 730 1650 electos
755 1628 894 1651 eremum
919 1619 1058 1651 colentes

500 1666 546 1699 Ut
569 1665 655 1699 fores
680 1667 770 1706 regni
794 1667 976 1706 speculator
1000 1665 1085 1704 almi,

500 1713 622 1746 Montis
647 1714 746 1754 Argei
770 1712 911 1746 latebras
935 1713 1055 1756 petisti,

544 1761 659 1794 Inclite
682 1761 782 1796 Blasi.

440 1838 473 1870 4.
499 1837 545 1870 Es
571 1836 719 1877 frequens
742 1837 811 1869 illic
834 1837 936 1868 socius
961 1836 1112 1877 ferarum,

499 1885 630 1917 Irruunt
652 1885 694 1917 ad
716 1887 750 1916 te
772 1884 895 1925 pariter
919 1885 1064 1916 volucres

497 1932 542 1964 Et
563 1934 649 1964 tuam
673 1935 809 1972 poscunt
832 1931 1097 1970 benedictionem,

546 1979 660 2012 Inclite
684 1979 784 2013 Blasi.

442 2057 472 2088 5.
498 2055 585 2087 Mira
608 2063 659 2086 res
686 2054 782 2094 dictu,
808 2056 978 2085 renovatur
1001 2053 1034 2085 in
1060 2056 1101 2096 te,

500 2102 588 2142 Quod
614 2104 704 2133 vetus
729 2100 886 2141 quondam
910 2103 1081 2132 temerator
1106 2101 1208 2134 Adam

499 2150 601 2189 Impio
627 2150 720 2188 gustu
744 2148 828 2187 tulit,
854 2155 936 2187 ecoe,
963 2146 1064 2185 nobis,

546 2195 662 2229 Inclite
687 2194 785 2228 Blasi.

445 2273 476 2305 6.
502 2271 583 2303 Inde
607 2270 764 2309 torqueris
789 2268 942 2303 scelerum
966 2268 1130 2309 ministris,

501 2317 691 2358 Sanguinem
716 2316 854 2353 fundunt
876 2317 1018 2348 lacerata
1042 2317 1192 2357 membra,

499 2366 612 2398 Perdit
635 2365 710 2396 hine
733 2365 833 2399 vitam
857 2364 981 2405 gladius
1006 2367 1165 2407 cruentus,

548 2412 662 2446 Inclite
685 2412 784 2448 Blasi.
