1653 2637
214 218 268 252 19.
281 215 351 252 Tua
374 227 458 258 pone
480 220 513 251 in
534 218 647 252 faciem
893 221 948 254 20.
962 217 1140 253 Venturum
1164 228 1271 260 regem
1295 219 1443 259 conspice

285 265 431 307 Peccata,
458 268 547 307 gesta
570 268 664 300 noxie
959 268 1098 300 Paterna
1121 268 1154 299 in
1178 268 1353 310 majestate⁷

281 313 327 345 Et
349 322 466 354 poenas
491 314 550 346 tibi
576 315 710 356 debitas,
961 315 1071 355 Ignem
1096 315 1150 354 qui
1170 315 1250 354 justi
1272 314 1390 355 judicis

282 360 469 394 Sanctorum
493 362 586 394 sedes
609 363 743 397 lucidas,
961 363 1093 395 Vultum
1116 362 1256 402 praeibit
1279 361 1447 402 fulgidum.

289 429 357 458 Cod.
386 430 512 459 Parisin.
546 430 594 464 (ol.
623 431 653 460 S.
682 430 822 466 Martial.)
859 428 933 459 1154
961 439 1036 459 saec.
1064 428 1108 458 10.
1150 431 1233 459 Nach
1262 431 1318 459 den
1347 430 1516 467 ungeraden

212 468 359 504 Strophen
377 469 423 496 ΕΟ
441 469 613 505 Lugendum
633 470 730 503 nimis,
752 471 822 506 quia
842 470 968 497 aeternis
988 478 1018 497 es
1039 468 1203 504 torquenda
1221 469 1413 504 cruciatibus3
1439 468 1516 495 nach

212 507 269 534 den
288 506 428 543 geracen:
450 507 599 543 Summe,
620 507 745 542 Christe,
764 508 836 543 quia
847 508 993 543 benignus
1008 516 1046 540 es,
1062 509 1092 534 et
1106 507 1144 534 da.
1154 506 1392 534 misericordiam.
1406 520 1443 526 —
1457 503 1484 540 3,
1498 505 1517 534 4

214 545 331 572 tribuis.
352 559 389 564 —
411 542 454 580 10,
475 543 493 573 3
513 544 582 572 Lies
602 545 680 574 Nix?
700 559 737 564 —
757 543 802 579 20,
822 543 842 573 4
862 546 1000 581 praeibis.

543 659 582 691 71.
615 659 732 692 Versus
754 661 790 692 de
809 661 937 700 ploratu
955 661 1177 702 poenitentiae.

476 741 507 774 1.
534 740 644 773 Totius
672 740 782 773 mundi
806 740 970 773 machinae
995 743 1128 783 creator,

532 788 592 828 Qui
615 788 682 828 poli
706 797 828 820 summa
851 788 972 821 resides
995 790 1029 821 in
1052 797 1135 829 arce,

532 836 619 867 Aure
645 835 791 868 clementi
815 837 908 869 modo
932 845 983 868 me
1007 835 1173 881 misellum,

579 883 752 926 Deprecor,
779 884 864 916 audi.

475 952 506 982 2.
534 949 606 982 Non
635 958 715 990 queo
739 950 845 982 verbis
870 950 928 983 tibi
955 950 1099 983 confiteri

533 997 664 1037 Cuncta,
692 1007 772 1038 quae
797 1007 902 1030 coram
927 999 1011 1030 mala
1034 1000 1068 1029 te
1092 998 1211 1039 peregi,

533 1045 633 1077 Ablui
656 1048 824 1086 postquam
846 1045 948 1078 merui
972 1045 1089 1078 sacrati

579 1092 692 1125 Fontis
716 1093 750 1124 in
775 1093 869 1127 unda.

475 1160 506 1192 3.
531 1157 661 1191 Fraude
686 1159 836 1199 deceptus
861 1159 976 1191 lubrici
1002 1159 1147 1191 draconis

532 1205 605 1238 Non
631 1205 706 1239 dedi
728 1205 821 1239 factis
847 1206 986 1247 requiem
1010 1204 1168 1247 nefandis,

532 1252 615 1285 Dum
638 1254 716 1285 mihi
741 1255 842 1286 virtus
868 1253 929 1286 fuit
954 1256 986 1285 et
1007 1252 1143 1286 facultas

580 1302 621 1334 Id
645 1301 829 1342 peragendi.

475 1368 506 1400 4.
533 1366 646 1408 Fraus,
674 1366 771 1408 furor,
796 1368 899 1408 luxus,
925 1368 1064 1409 crapula,
1092 1367 1203 1406 libido,

536 1415 634 1447 Livor
660 1418 691 1446 et
715 1416 812 1455 zeluS,
839 1416 929 1447 dolus
955 1418 987 1447 et
1010 1414 1125 1454 cupido

531 1462 587 1494 Me
612 1471 667 1494 suo
693 1463 775 1494 sicut
799 1463 951 1496 studuere
975 1471 1065 1496 servo

581 1510 712 1550 Semper
736 1510 833 1543 abuti.

480 1579 511 1611 5.
535 1577 586 1609 Tu
608 1577 721 1618 procul
745 1577 865 1610 hostem
891 1585 1019 1609 remove
1041 1576 1224 1618 malignum,

533 1624 581 1656 Tu
608 1624 696 1657 dolos
722 1625 788 1665 ejus
811 1625 1002 1665 laqueosque
1027 1633 1147 1664 rumpe,

533 1673 571 1704 1n
597 1671 709 1713 quibus
734 1672 878 1704 strictum
903 1672 1025 1704 studuit
1048 1670 1231 1711 frequenter

579 1721 636 1752 Me
659 1720 804 1761 religare.

474 1787 505 1820 6.
532 1787 638 1827 Unde,
666 1789 848 1819 cunctorum
874 1786 1052 1819 dominator
1068 1786 1161 1826 alme,

532 1834 589 1866 Me
611 1836 713 1875 potes,
736 1835 765 1866 si
787 1835 847 1877 vis,
873 1834 951 1874 scio,
975 1833 1114 1866 liberare

533 1882 578 1914 Et
601 1885 657 1915 tua
679 1891 804 1915 rursum
828 1882 950 1922 pietate
972 1890 1064 1914 sacra

580 1928 763 1962 Purificare.

476 1998 506 2030 7.
533 1995 579 2028 Ut
605 1997 671 2028 dies
698 2005 804 2029 casum
829 1997 905 2028 mihi
932 2004 1001 2027 cum
1023 2005 1172 2035 suprema

532 2044 665 2075 Vexerit
687 2044 808 2083 mortis,
831 2051 955 2083 precor,
977 2043 1121 2076 invenire

531 2090 587 2122 Nil
611 2091 645 2123 in
668 2100 719 2123 me
742 2091 845 2131 possit
870 2090 999 2123 ditionis
1023 2099 1100 2122 suae

578 2137 718 2170 Pestifer
742 2138 863 2178 anguis

475 2207 506 2239 8.
532 2205 674 2246 Angelus
699 2205 756 2237 sed
780 2207 857 2236 tunc
876 2204 954 2238 mihi
977 2205 1104 2236 sanctus
1129 2203 1224 2243 adsit,

535 2253 686 2286 Omnibus
716 2254 769 2293 qui
792 2261 844 2284 me
866 2252 953 2284 vitiis
977 2253 1099 2292 piatum

532 2300 589 2342 Te,
613 2301 711 2340 Deus,
737 2301 845 2333 statim
868 2300 1010 2341 requiem
1030 2299 1163 2341 J'ubente

579 2348 686 2380 Ducat
708 2349 751 2381 ad
774 2348 898 2382 almam.

290 2414 359 2442 Cod.
381 2414 506 2443 Parisin.
527 2414 575 2448 (01.
595 2413 772 2451 Martialen.)
793 2412 868 2443 1154
886 2423 961 2443 saec.
983 2412 1026 2443 10.
