1653 2637
695 155 743 161 —
792 136 860 172 255
909 157 957 162 ——

625 228 695 261 450.
732 230 775 262 De
794 231 900 262 sancto
921 231 1028 262 Paulo.

391 308 422 340 1.
445 307 568 339 Doctor
594 309 729 349 egregie,
757 310 865 350 Paule,
891 320 995 343 mores
1018 311 1142 342 instrue

445 354 491 386 Et
515 358 621 387 mente
646 357 754 396 polum
779 367 837 389 nos
862 357 1039 390 transferre
1063 361 1180 398 satage,

445 402 557 434 Donec
581 402 760 443 perfectum
784 405 940 446 largiatur
962 406 1098 447 plenius,

444 450 620 490 Evacuato,
649 453 734 491 quod
760 461 799 484 ex
824 457 917 493 parte
941 454 1089 494 gerimus.

392 519 423 549 2.
450 517 632 551 Plasmator
656 519 759 560 Pauli,
788 520 928 552 doctoris
954 520 1071 560 eximii,

450 565 513 597 Suo
539 568 653 605 rogatu
678 575 735 598 nos
760 570 865 599 tecum
890 576 976 599 nunc
999 568 1101 608 dirige

446 612 491 643 Et
512 612 632 652 jugiter
656 613 710 645 hic
734 623 791 646 nos
819 614 956 647 defende
980 616 1100 655 sedule,

449 659 494 692 Ut
517 662 550 691 te
575 659 719 692 fruamur
742 661 776 693 in
802 664 933 694 aeterna
957 663 1077 702 requie.

394 728 426 760 3.
451 725 550 766 Virgo
577 729 674 761 caste.
701 727 810 766 Paule,
836 728 942 760 hostes
967 731 1076 760 nostos
1101 728 1221 766 repelle

449 772 515 804 Nos
540 775 739 814 protegendo
765 775 862 806 armis
887 778 961 807 tuae
985 776 1116 815 gratiae,

450 821 548 859 Quam
575 821 634 852 tibi
661 821 752 854 dedit
775 822 953 862 imperator
978 823 1116 854 omnium

447 867 515 899 Nos
541 868 710 901 liberando
737 870 777 901 de
802 878 924 901 veneno
950 871 1090 910 viperae.

393 937 426 968 4.
451 935 517 966 Vas
545 935 673 967 deitatis
699 938 894 968 secretorum
920 936 1068 978 omnium,

449 981 517 1014 Nos
542 983 768 1015 recommenda
792 987 901 1015 nostro
927 984 980 1023 pio
1004 982 1116 1024 judici,

449 1029 495 1062 Ut
519 1030 692 1062 sentiamus
717 1039 775 1062 nos
801 1031 920 1062 habere
945 1031 1089 1071 gratiam,

447 1077 548 1116 Quam
575 1081 796 1117 exspectamus
822 1087 906 1110 nunc
933 1081 963 1109 et
988 1079 1021 1110 in
1046 1079 1246 1118 perpetuum.

393 1146 424 1176 5.
448 1142 496 1175 Sit
522 1143 660 1175 trinitati
684 1144 880 1184 sempiterna
902 1145 1003 1184 gloria

450 1191 571 1230 Honor,
597 1193 740 1230 potestas
766 1194 861 1232 atque
883 1192 1043 1231 jubilatio,

447 1238 486 1270 In
513 1238 659 1270 trinitate
685 1239 736 1270 cui
761 1242 869 1271 manet
892 1239 1060 1279 imperium

447 1285 500 1317 Ex
525 1288 601 1317 tunc
627 1288 660 1317 et
680 1287 775 1318 modo
800 1295 860 1326 per
885 1290 1016 1319 aeterna
1040 1286 1176 1319 saecula.

247 1371 368 1408 Ant-iph.
390 1379 444 1399 ms.
464 1371 601 1398 Italicum
622 1379 698 1399 saec⁷
721 1369 765 1399 15.
807 1371 875 1399 Cod.
896 1372 1032 1400 Rossian.
1054 1380 1077 1399 s.
1097 1379 1127 1399 n.

593 1492 655 1524 451.
687 1493 731 1524 De
753 1501 777 1524 s.
797 1493 894 1524 Paulo
914 1492 1066 1524 Eremita.

699 1570 749 1599 Ad
767 1570 959 1601 Nocturnum.

195 1676 202 1682 .
228 1646 407 1689 Antiquum
433 1648 549 1680 throno
575 1649 713 1688 positum
861 1651 892 1682 5.
920 1646 965 1683 Et
991 1652 1133 1681 sanctum
1159 1649 1192 1679 in
1216 1648 1388 1680 certamine

229 1696 362 1730 Scandit
388 1696 507 1728 Paulus
533 1696 575 1728 ad
600 1697 756 1739 inclitum,
919 1697 1015 1729 Hunc
1040 1696 1131 1729 caedi
1152 1695 1253 1736 ferro,
1279 1695 1417 1739 flumine,

228 1744 359 1776 Dierum
387 1751 495 1782 seneX‚
521 1743 652 1775 insitum
919 1745 1014 1776 Hunc
1040 1744 1141 1776 cernit
1167 1752 1236 1774 cum
1258 1743 1395 1775 libidine

231 1791 371 1823 Verbum
397 1793 429 1823 et
453 1793 597 1822 sanctum
624 1792 783 1831 spiritum.
920 1792 1098 1824 Bellantem
1123 1791 1192 1822 sine
1218 1791 1359 1825 crimine.

193 1885 200 1892 .
228 1856 349 1893 Beatus
374 1866 455 1899 puer
480 1858 585 1889 oneris
862 1859 892 1892 6.
917 1855 1050 1892 Fretum
1076 1860 1186 1890 sancto
1209 1857 1373 1897 juvamine

226 1907 344 1947 Jugum
369 1906 427 1938 sub
453 1905 544 1937 annis
570 1907 689 1938 teneris
920 1906 1047 1946 Spirato
1073 1905 1192 1939 Christi
1219 1905 1356 1941 numine,

231 1955 352 1988 Christi
376 1953 452 1986 tulit
478 1956 510 1985 et
534 1955 665 1986 sceleris
918 1954 1061 1995 Linguae
1086 1953 1251 1994 praecisae
1276 1954 1429 1993 sanguine

228 2003 284 2035 Nil
310 2003 410 2035 traxit
436 2002 547 2033 doctus
572 2002 686 2035 literis.
918 2002 1045 2034 Polluto
1071 2001 1158 2034 vulto
1184 1999 1331 2033 feminae.

192 2098 199 2105 .
228 2069 304 2106 Cum
333 2071 416 2103 ditat
440 2078 519 2110 gaza
543 2078 678 2109 puerum
860 2071 891 2103 7.
920 2065 1027 2103 Gemit
1051 2069 1197 2109 adversa,
1224 2077 1381 2108 prospera

224 2119 333 2152 Multa
357 2120 492 2160 parente
516 2117 662 2162 liberum,
918 2118 995 2150 Plus
1020 2116 1143 2154 metuit,
1170 2116 1212 2148 ad
1234 2125 1364 2148 nemora

227 2168 418 2201 Sanctorum
445 2165 565 2198 Christi
590 2175 766 2207 pauperum
917 2166 1033 2206 Fugit3
1061 2175 1078 2198 o
1105 2164 1214 2207 Paule,
1240 2173 1372 2197 munera

225 2216 347 2248 Libens
373 2214 476 2255 surgit
500 2215 541 2247 ad
568 2224 743 2250 numerum.
917 2214 1019 2247 Beata
1041 2212 1133 2246 nobis
1158 2213 1304 2253 impetra.

194 2310 201 2316 .
225 2280 340 2316 Dolosi
365 2291 429 2315 non
453 2282 620 2314 ulciscitur
860 2283 891 2316 8.
919 2279 1029 2315 Honor
1052 2280 1179 2313 virtutis
1203 2280 1335 2312 inclitae

230 2329 346 2362 Affinis
371 2331 463 2370 iram,
490 2330 614 2370 patitur
920 2330 1011 2362 Patri
1036 2328 1183 2369 p1·01ique
1207 2329 1342 2371 genitae,

229 2378 351 2417 Hostis,
379 2377 542 2412 Christum
569 2379 774 2419 consequitur
920 2377 1017 2409 Sacro
1041 2378 1162 2417 spirato
1186 2375 1307 2408 flamini

230 2427 412 2467 Parentem,
441 2434 511 2457 cum
537 2426 704 2460 occiditur.
921 2424 970 2458 Sit
994 2425 1063 2457 sine
1088 2427 1173 2457 meta
1197 2424 1337 2457 termini.
