1653 2637
714 149 757 155 —
808 114 882 166 140'
922 149 970 155 -

625 243 692 275 234.
717 242 762 275 ne
777 240 891 275 'saneta
910 226 1056 274 unnim-e.

714 320 749 350 In
769 320 794 350 1.
814 318 962 357 Vesperis.

194 398 226 432 1.
253 400 385 439 Optatus
410 399 491 430 votis
517 397 652 431 omnium

252 447 355 479 Adest
378 446 445 477 <lies
468 445 625 485 fidelibus,

252 494 317 533 Quo
344 493 484 526 Christus
509 493 540 524 in
563 493 733 531 imperium

250 540 397 573 Bilhildis
422 539 573 572 transfert
596 539 754 586 spiritum2

298 588 322 620 O
347 595 444 626 amor,
471 596 488 618 o
513 586 706 620 sublimitas!

191 666 224 698 2.
249 664 300 696 Ibi
324 665 476 695 concentu
501 663 652 695 dramatis

248 710 293 742 Et
317 710 478 750 euphoniis
503 709 632 746 melicis,

248 757 313 789 Dat
337 757 413 790 odas
437 758 557 789 neumis
581 757 689 796 lyncis

249 807 332 836 Ante
356 804 499 835 thronum
526 805 729 846 pantocratis‚

296 852 320 884 O
347 860 443 891 amor,
470 851 564 892 Deus,
592 851 710 883 deitas!

868 399 899 430 3.
926 392 1020 437 Cujus
1041 397 1106 441 piis
1131 391 1294 438 affectibus

925 445 1046 478 Chorus
1071 446 1244 476 coneordat
1267 445 1408 487 coelitus,

926 492 1082 529 Obtineat,
1111 493 1193 532 quod
1220 491 1371 523 Dominus

924 538 1050 571 Nostris
1075 542 1187 578 parcat
1211 529 1402 578 excessibus,

970 587 994 619 Ο
1021 594 1117 626 amor,
1140 586 1272 619 vincens
1298 586 1417 618 omnia¹

890 689 897 695 .
923 661 1071 693 Trinitati
1095 662 1139 693 sit
1162 662 1263 702 gloria

924 709 961 740 In
986 717 1105 740 summa
1131 709 1210 740 coeli
1235 709 1322 740 curia

922 742 1008 795 Quae
1030 758 1195 795 patronam
1220 756 1360 788 inclitam

922 804 975 835 Ad
1000 812 1087 835 suam
1113 804 1199 834 vexit
1222 803 1363 845 gloriam,

969 851 993 883 O
1019 858 1116 890 amor,
1143 859 1250 882 amans
1277 851 1390 884 omnia.

268 936 351 963 Brev.
371 943 422 962 ms.
443 935 557 963 Veteris
576 935 748 963 Monasterii
769 942 843 962 saec.
866 932 908 961 16.
950 933 1017 961 Cod.
1037 933 1200 968 Maguntin.
1221 932 1265 961 96.
1285 948 1322 952 —
1341 931 1368 967 4,
1389 931 1407 960 3
1428 934 1484 968 Qui

191 975 342 1009 patronam
365 973 419 1007 Hs3
439 973 494 1000 lies
513 972 663 1000 vielleicht.
683 973 759 1006 Quia
777 973 948 1010 patronam?

621 1118 690 1149 235.
714 1118 758 1149 De
777 1119 888 1157 saneta
904 1116 1049 1149 Bilbilde.

711 1195 759 1225 Ad
777 1195 965 1226 Nocturnum.

191 1274 220 1307 1.
246 1273 424 1306 Beatailla
447 1274 561 1314 patria,

250 1321 312 1353 Ubi
334 1322 429 1360 plena
453 1323 524 1351 sunt
550 1320 674 1361 gaudia,

246 1367 310 1400 Ubi
335 1367 474 1408 gaudent
497 1365 603 1399 felicia

245 1415 429 1447 Sanctorum
454 1414 668 1447 contubernia.

188 1491 219 1523 2.
243 1490 372 1529 Egressi
398 1497 465 1519 cum
492 1489 624 1520 victoria

247 1536 429 1568 Gloriantur
453 1536 485 1567 in
511 1536 620 1578 gloria,

245 1583 394 1623 Exempti
423 1592 442 1615 a
465 1583 591 1615 miseria

245 1630 284 1662 In
307 1638 386 1670 paee
408 1632 493 1664 stant
516 1632 678 1672 peipetua.

187 1708 218 1740 3.
243 1706 344 1746 Regni
367 1704 479 1737 ludens
500 1715 533 1736 1n
558 1705 636 1737 solio

243 1752 359 1785 Sancta
382 1755 499 1792 gaudet
523 1753 707 1790 communio,

242 1800 307 1832 Ubi
331 1802 423 1840 pater
446 1800 479 1831 in
503 1798 568 1832 filio

240 1847 356 1887 Fulget
378 1850 414 1878 ut
433 1847 481 1878 sol
504 1847 538 1878 in
561 1847 638 1879 11110».

184 1924 216 1955 4.
241 1922 360 1955 Nostra
383 1922 435 1964 ibi
454 1931 492 1955 ex
517 1922 642 1954 vasculo

241 1970 338 2001 Pleno
363 1968 445 2001 bibit
466 1969 499 2001 in
523 1970 635 2010 poculo

243 2016 402 2056 BilhildiS,
429 2017 511 2056 quod
536 2018 567 2048 in
593 2018 717 2049 saeculo

244 2063 359 2104 Sitivit,
386 2063 474 2096 videt
497 2065 598 2096 oculo.

863 1274 893 1305 5.
919 1274 1022 1305 Adest
1047 1272 1128 1303 enim
1153 1272 1312 1313 angelicus

921 1320 965 1352 Et
987 1320 1064 1352 ordo
1090 1320 1291 1361 apostolicus,

922 1366 1090 1402 Confessor
1115 1375 1184 1397 cum
1206 1366 1409 1408 martyribus,

920 1414 1061 1454 Uterque
1087 1422 1156 1445 eum
1180 1414 1362 1455 virginibus,

886 1515 893 1522 .
919 1487 1014 1529 Regis
1039 1489 1151 1519 summi
1172 1488 1374 1521 suavissimus

921 1536 1012 1568 Gibat
1039 1544 1145 1567 omnes
1169 1536 1311 1575 intuitus,

920 1582 1069 1615 Bilhildis
1092 1582 1143 1614 hie
1166 1592 1244 1622 prae
1269 1583 1413 1615 omnibus

919 1629 1068 1670 Refulget
1090 1634 1126 1661 ut
1151 1630 1369 1665 carbunculus.

884 1731 891 1738 .
917 1706 1001 1738 Dum
1024 1714 1139 1746 pausas
1164 1706 1225 1748 hie,
1252 1705 1461 1750 sanctissima,

918 1753 1057 1785 Salutem
1079 1762 1192 1792 poscas
1218 1753 1342 1785 animae

920 1800 1001 1832 Vide
1026 1808 1149 1832 causam
1174 1801 1320 1833 miseriae

920 1847 1134 1888 Supplicantis
1159 1847 1309 1881 familiae.

884 1950 890 1956 .
916 1923 961 1955 Et
983 1924 1123 1964 eorporis
1149 1927 1181 1955 et
1205 1924 1329 1956 animae

915 1971 997 2002 Tota
1021 1970 1110 2003 salva
1135 1969 1319 2012 compagine

916 2017 977 2049 Dei
991 2019 1096 2050 ‘simus
1120 2020 1275 2051 essentiae

916 2065 1093 2104 Partieipes
1118 2067 1150 2096 et
1172 2066 1301 2106 gloriae.

518 2140 548 2172 9.
576 2140 700 2179 Summi
722 2140 823 2179 patris
847 2139 1013 2180 hoefilius

576 2186 722 2218 Praestet
746 2190 840 2227 atque
863 2187 1046 2229 paraclitus,

577 2233 653 2266 Cum
678 2234 790 2274 quibus
814 2235 931 2274 gaudet
954 2234 1078 2274 plenius

577 2280 735 2324 Bilhildis‚
760 2282 820 2314 Dei
848 2280 972 2314 famula.

257 2367 341 2399 Brev.
362 2373 413 2393 ms.
428 2364 542 2393 Veteris
558 2365 732 2394 Monasterii
751 2375 826 2397 saec.
839 2364 885 2393 16.
920 2365 988 2394 Cod.
1001 2367 1163 2403 Maguntin.
1178 2366 1221 2399 96.
1245 2383 1280 2388 -—
1303 2368 1360 2396 Str.
1375 2368 1392 2397 6
1406 2379 1435 2398 u.
1447 2371 1476 2399 ff

182 2404 219 2431 acl
240 2404 478 2439 Completorium3
495 2402 647 2431 dieselben
664 2402 732 2432 sind
751 2400 821 2433 aber
841 2404 1096 2440 augenscheinlieh
1117 2415 1172 2434 nur
1193 2408 1258 2435 eine
1262 2402 1404 2436 Divisio.
