1653 2637
734 143 992 179 —178-

652 257 717 288 299.
748 257 791 288 De
811 258 918 288 sancto
940 254 1095 288 Gabriele.

764 324 812 353 Ad
832 323 959 353 Laudes.

207 393 238 426 1.
266 393 467 426 Gaudeamus
493 394 689 434 gratulantes

316 441 460 474 Gabrieli
483 441 602 480 nuntio,

266 489 411 529 Hymnos
438 489 546 520 demus
573 488 774 520 concinentes

314 536 426 568 Alacri
452 535 649 578 commercio,

265 584 397 615 Trinum
422 582 525 615 Deum
550 585 739 615 venerantes

318 630 476 663 Concordi
502 630 643 663 consili0.

207 690 238 721 2.
267 687 316 719 Ab
343 687 477 719 excelsis
499 687 566 726 jam
593 687 759 719 descendit

312 734 424 766 Dictus
449 732 542 765 fortis
567 734 692 774 robore,

266 782 307 814 Se
332 782 456 814 Mariae
479 790 564 812 nunc
588 782 729 813 ostendit

314 830 353 862 In
379 831 540 868 assumpto
567 837 710 868 corpore,

264 878 335 908 Ave
361 877 469 909 dicens
494 884 575 916 genu
599 877 713 915 pendit

313 924 439 956 Summo
466 922 590 964 fulgens
617 923 741 956 decore.

208 982 238 1014 3.
266 979 485 1020 stupefactam
511 980 691 1011 consolatur

311 1028 408 1059 Dulci
433 1025 503 1058 fans
526 1027 660 1068 eloquio,

268 1076 370 1116 Super
394 1082 501 1106 omnes
525 1076 721 1113 protestatur

315 1122 497 1154 Gratiarum
521 1119 617 1152 fluvio

891 394 923 425 4.
950 392 1143 424 Incarnandi
1174 391 1264 424 verbi
1288 391 1351 423 Dei

997 439 1133 472 Reserat
1161 439 1358 479 mysterium,

951 486 1023 519 Non
1047 487 1109 519 hoc
1134 496 1203 519 esse
1227 487 1289 519 viri
1312 486 1360 517 rei

998 533 1127 567 Profert
1152 534 1375 573 ministerium,

906 606 912 612 .
952 581 1016 614 Sed
1041 582 1173 622 spiritus
1199 582 1275 614 almi
1298 581 1360 613 Dei

1000 629 1160 662 Summum
1184 628 1414 671 magisterium.

893 688 922 719 5.
950 686 1040 725 Quod
1066 687 1234 727 promittit,
1262 688 1427 718 asseverat

998 734 1082 766 Miro
1107 734 1297 775 testimonio,

951 780 1109 822 Sterilem,
1136 790 1216 821 quae
1239 789 1341 821 nuper
1364 783 1443 820 erat,

997 829 1234 869 Impregnatam
1257 827 1323 860 filio

951 876 1079 908 Testem
1106 876 1203 916 ducit,
1230 880 1266 908 ut
1290 876 1373 907 hanc
1390 878 1521 915 quaerat

999 923 1098 963 Virgo
1123 924 1219 955 ducta
1243 922 1362 956 studio.

893 982 924 1013 6.
948 981 1015 1013 Uni
1039 988 1180 1012 summae
1204 979 1342 1011 trinitati

998 1027 1104 1059 Decus
1130 1029 1162 1058 et
1184 1026 1362 1069 imperium,

952 1074 1112 1106 Gabrielis
1138 1074 1278 1106 claritati

1001 1121 1051 1153 Sit
1074 1130 1215 1161 perenne
1239 1121 1401 1162 gaudium,

267 1169 397 1201 Plenam
423 1176 500 1208 esse,
527 1171 697 1200 veneratur

314 1215 520 1248 Benedictam
546 1214 621 1249 filio.

952 1169 1018 1208 Quo
1046 1172 1207 1209 captemus
1233 1169 1324 1201 verbi
1349 1169 1412 1201 sati

1000 1216 1176 1257 Supernale
1200 1217 1387 1256 praemium.

282 1291 373 1319 Psalt.
401 1299 455 1318 ms.
481 1291 627 1318 Francisc.
655 1290 818 1325 Trajecten.
845 1299 920 1318 saec.
943 1289 987 1318 15.
1028 1291 1097 1319 God.
1122 1292 1237 1328 Hagen.
1262 1291 1291 1319 J.
1317 1290 1344 1319 4.
1375 1306 1410 1310 —
1438 1292 1522 1319 Brev.

212 1330 376 1357 Romanum
398 1330 466 1364 imp.
487 1328 613 1355 Parisiis
636 1325 717 1356 1531.
740 1328 773 1355 Β.
795 1343 832 1347 --
853 1327 879 1363 5,
898 1327 919 1356 4
937 1330 1134 1365 impraegnari
1153 1329 1188 1356 A.

643 1448 712 1479 300.
745 1449 788 1479 De
810 1450 915 1481 sancto
938 1449 1090 1481 Gabriele.

211 1529 244 1563 1.
271 1528 358 1561 Urbs
382 1527 554 1567 Nazareth,
580 1525 638 1559 flos
666 1527 705 1559 de
729 1526 817 1570 flore,
898 1530 928 1562 4.
954 1530 1032 1562 Post
1047 1538 1234 1569 responsum
1252 1532 1388 1570 gratum,
1406 1530 1524 1562 bonum

317 1576 404 1608 Audi
430 1574 644 1614 evangelium:
1005 1576 1050 1608 Et
1073 1577 1245 1608 adventum
1270 1577 1411 1619 Domini,

274 1623 366 1656 Jesse
390 1624 489 1662 virga,
516 1630 568 1653 ros
595 1622 634 1653 de
658 1630 740 1661 rore,
958 1623 1086 1655 Gaudet
1111 1623 1244 1656 Gabriel
1269 1624 1311 1656 ad
1336 1627 1443 1656 votum

321 1670 430 1711 Gignit
460 1677 534 1700 rosa
555 1669 669 1709 lilium,
1006 1671 1088 1703 Vale
1114 1671 1222 1702 dicens
1248 1672 1374 1714 virgini,

273 1717 350 1750 Cum
374 1717 481 1749 Maria
505 1716 586 1748 miro
609 1725 698 1748 more
958 1718 1049 1749 Tunc
1071 1718 1105 1749 in
1132 1718 1218 1750 coelo
1245 1717 1324 1750 facit
1347 1723 1467 1761 notum,

320 1764 449 1797 Profert
471 1763 533 1795 Dei
558 1762 668 1797 filium.
1004 1765 1131 1806 Angeli,
1156 1765 1332 1800 laetamini.

214 1825 246 1855 2.
272 1822 368 1853 Venit
393 1820 524 1854 Gabriel
550 1829 567 1852 e
592 1821 679 1853 coelo
901 1825 931 1856 5.
958 1822 1019 1854 His
1042 1822 1160 1854 auditis
1185 1823 1304 1863 gaudet
1329 1825 1463 1857 multum

318 1869 457 1900 Nuntius
480 1868 637 1908 altissimi,
1006 1870 1088 1902 Tota
1113 1870 1193 1902 coeli
1218 1871 1317 1914 curia,

273 1916 347 1948 Non
372 1917 474 1948 alatus
499 1918 601 1947 tectus
626 1916 707 1957 velo,
959 1917 1042 1949 Nam
1068 1917 1203 1957 amplius
1229 1921 1278 1949 est
1301 1918 1471 1965 indultum,

323 1963 387 1995 Sed
411 1963 501 1995 vultu
524 1963 685 2007 placabili,
1007 1965 1052 1997 Ut
1075 1964 1132 1996 fiat
1157 1965 1301 2005 ecclesia,

274 2011 325 2042 De
350 2010 459 2050 sponsi
484 2010 624 2042 adventu
648 2011 716 2043 zelo
962 2012 1024 2044 Per
1048 2012 1207 2044 hominem
1229 2013 1295 2053 jam
1321 2019 1518 2055 assumptum

322 2058 414 2090 Nova
444 2057 522 2088 dicit
545 2058 670 2098 virgini.
1006 2059 1052 2091 Et
1075 2060 1109 2091 in
1133 2062 1221 2092 terra
1244 2061 1355 2100 gloria.

217 2116 247 2147 3.
275 2115 378 2146 Audit
401 2113 490 2154 virgo
516 2116 548 2145 et
571 2115 714 2155 miratur,
902 2117 933 2148 6.
960 2115 1091 2155 Semper
1115 2119 1245 2148 sanctae
1268 2118 1406 2151 trinitati

324 2161 454 2194 Gabriel
481 2161 561 2193 dixit
585 2162 632 2193 ei:
1008 2162 1093 2194 Laus
1120 2166 1151 2194 et
1172 2164 1331 2206 J'ubilatio,

278 2209 327 2241 Ne
351 2208 482 2251 timeris,
507 2217 580 2240 nam
607 2209 755 2249 dignatur
960 2210 1045 2242 Exin
1070 2210 1161 2242 verbi
1184 2211 1342 2246 incarnati

323 2257 441 2288 Venire
465 2256 596 2287 verbum
622 2256 693 2297 Dei,
1008 2257 1111 2289 Detur
1135 2258 1327 2302 benedictio,

275 2304 385 2346 Omne,
412 2303 495 2342 quod
521 2304 600 2343 vult,
627 2307 786 2347 operatur,
962 2304 1149 2337 Nazarenae
1175 2307 1307 2350 civitati,

323 2351 446 2384 Inclina
472 2359 526 2382 cor
550 2349 635 2385 fidei.
1010 2352 1136 2385 Mariae
1161 2357 1192 2386 et
1216 2357 1338 2389 nuntio.

293 2429 377 2456 Brev.
398 2435 451 2455 ms.
471 2427 700 2454 Franciscanum
721 2436 797 2455 saec.
821 2425 864 2455 15.
905 2427 974 2455 eod.
994 2428 1070 2456 Mus.
1089 2429 1285 2467 Luciburgen.
1307 2441 1329 2460 s.
1350 2441 1378 2460 n.
