1653 2637
390 208 434 242 13

388 436 433 469 14

390 664 444 698 15.

390 893 444 927 16.

390 1123 444 1158 17.

391 1352 444 1386 18.

388 1581 442 1616 19.

386 1810 442 1845 20.

387 2035 442 2068 21.

382 2264 439 2296 22.

700 116 934 152 -15-

474 208 555 245 Nam
579 212 669 244 ibant
695 222 813 253 omnes,
840 217 876 246 ut,
897 214 1127 254 profiterentur

470 258 618 299 Quisquis
645 261 685 292 de
710 270 767 293 sua
792 270 905 302 nempe
931 263 1070 302 civitate,

469 307 591 347 Joseph
616 311 813 348 praegnante
838 318 908 341 cum
932 308 1039 343 Maria
1063 318 1199 351 pergens

518 355 708 388 Bethlehem
733 356 774 388 ad
799 356 920 391 urbem.

436 464 452 479 .‚
472 436 560 478 Opus
586 440 766 473 mirandum
792 444 887 482 atque
911 442 1061 482 salutare,

469 486 582 519 Latior
608 488 698 520 alvus
726 489 855 521 cardine
880 490 1015 522 aethrali

470 534 585 575 Deum,
612 544 703 575 quem
730 537 811 568 coeli
838 545 952 577 capere
976 546 1039 569 non
1064 537 1181 578 valent,

521 581 670 614 Clausum
694 584 844 622 portavit.

471 663 647 706 Postquam
674 670 748 699 sunt
775 669 842 700 dies
868 669 1001 709 virginis
1025 669 1187 710 impletae,

471 714 589 746 Partus
615 715 742 754 puellae
766 716 925 747 hominem
950 716 1115 757 Deumque

470 761 596 801 Edidit,
622 771 723 802 parvo
746 763 847 803 J'acuit
869 764 1018 804 praesepi

517 809 636 841 Pannis
661 810 795 844 velatus

473 893 570 934 Quem
601 904 669 927 cum
694 898 834 938 pareret,
861 897 922 928 hac
943 897 976 928 in
1002 897 1132 936 regione

471 943 592 983 Vigiles
617 945 713 975 noctu
738 952 863 984 gregem
891 944 1097 984 cnstodirent,

469 991 547 1023 Illos
574 992 733 1031 extemplo
760 991 860 1023 cinxit
883 992 938 1023 lux
965 992 1005 1023 de
1031 991 1118 1023 coelo

516 1037 656 1079 Fulgida
680 1039 784 1072 nimiS.

471 1121 598 1157 Rursus
625 1125 754 1156 eosdem
777 1127 896 1157 tremor
921 1124 1144 1164 apprehendit,

471 1172 614 1212 Angelus
642 1172 741 1204 dixit:
768 1172 878 1211 ponite
903 1172 1057 1212 timorem,

472 1217 632 1251 Gaudium
657 1219 748 1251 vobis
773 1220 883 1252 nuntio
908 1228 1049 1259 perenne

521 1266 631 1299 Terris
656 1267 791 1299 venisse.

471 1350 607 1387 Saecula
631 1353 700 1384 vire
725 1352 802 1384 fecit
826 1353 880 1393 qui
905 1361 975 1384 cum
997 1355 1100 1393 patre,

471 1400 574 1432 Natus
600 1403 648 1432 est
675 1400 820 1433 Christus
846 1400 942 1432 hodie
969 1400 1009 1432 de
1030 1403 1143 1441 matre,

468 1448 657 1480 Bethlehem
681 1449 714 1480 in
739 1448 819 1480 urbe
842 1448 876 1480 in
901 1448 1050 1488 praesepi
1072 1449 1168 1489 jacet,

517 1496 590 1528 Hoc
614 1496 705 1528 vobis
731 1495 865 1536 signum.

472 1579 563 1615 Tunc
589 1582 717 1623 copiosa
740 1582 853 1622 angelo
877 1582 1038 1614 adsistens

468 1629 618 1669 Desuper
641 1629 740 1661 missa
763 1629 847 1669 legio
874 1630 1029 1669 coelestis,

469 1677 538 1709 Deo
562 1677 596 1708 in
621 1677 694 1709 altis
720 1677 853 1717 gloriam
881 1679 1029 1709 canentes

517 1726 603 1757 Voce
626 1733 752 1757 sonora.

469 1808 704 1843 Vociferabant
728 1812 858 1842 strenue
887 1810 1046 1842 dicentes:

471 1858 582 1892 Gloria
605 1857 691 1897 patri
715 1857 785 1889 Deo
810 1857 844 1888 in
870 1857 1004 1888 excelsis

472 1906 517 1938 Et
539 1905 721 1938 hominibus
745 1905 849 1937 bonae
873 1904 1045 1937 voluntatis

516 1955 587 1987 Pax
612 1961 708 1994 super
731 1955 862 1985 terram.

470 2033 584 2071 Xristo
606 2036 673 2075 jam
698 2038 774 2067 nato
799 2035 888 2066 milia
912 2036 1094 2066 sanctorum

471 2084 601 2117 Ocelum
627 2084 762 2116 adibant
785 2083 893 2115 statim
919 2082 1112 2123 angelorum,

470 2133 622 2165 Pastores
648 2132 766 2164 cursim
791 2131 979 2164 Bethlehem
1005 2133 1161 2162 venerunt

518 2180 622 2213 Corde
647 2180 765 2220 gaviso.

467 2260 607 2298 Ymnum
633 2262 795 2295 solvamus
821 2261 908 2301 patri
933 2259 1073 2300 filioque,

467 2312 602 2351 Semper
627 2310 681 2352 qui
707 2311 820 2350 regnat
844 2318 905 2348 par
931 2317 1000 2340 cum
1023 2307 1168 2349 genitore

468 2359 623 2399 Servique
648 2356 784 2390 formam
810 2365 935 2388 sumere
960 2356 1108 2396 dignatus

516 2406 619 2439 Causa
643 2405 765 2439 salutis.
