1653 2637
440 655 492 688 10.

437 806 494 839 11.

441 959 493 991 12.

442 1108 495 1141 13.

441 1260 495 1292 14.

444 1410 497 1442 15.

441 1560 496 1593 16.

442 1711 495 1743 17.

442 1863 498 1896 18.

258 2021 327 2050 cod.
347 2022 473 2049 Parisin.
493 2019 542 2054 (ol.
562 2020 740 2054 Martialen.)
764 2018 845 2048 1154.
867 2028 941 2048 saec.
968 2018 1010 2048 10.
1031 2021 1066 2048 A.
1088 2035 1123 2039 —
1142 2020 1203 2048 Ood
1226 2021 1320 2056 Capit.
1337 2022 1486 2050 Veronen.

180 2059 226 2089 90.
247 2068 322 2088 saec.
344 2058 371 2086 9.
391 2058 425 2085 B.
444 2072 483 2077 —
497 2057 523 2091 1,
543 2057 560 2085 1
581 2060 612 2084 et.
630 2059 737 2094 spixitu
755 2058 789 2086 B.
808 2074 848 2078 —
860 2056 887 2091 2,
907 2057 926 2085 2
944 2059 1078 2086 Intentus
1102 2059 1190 2095 gulae
1208 2067 1281 2087 suae
1301 2062 1363 2088 suis
1382 2061 1488 2097 volup-

178 2100 287 2126 tatibus
301 2098 335 2123 Β.
357 2111 393 2116 -ν
413 2094 438 2128 3,
462 2095 476 2124 1
498 2098 543 2123 est.
560 2096 633 2123 fehlt
645 2097 678 2124 B.
698 2112 736 2116 —
755 2095 782 2128 4,
804 2094 819 2122 1
838 2096 962 2124 libidine
981 2096 1013 2123 Β.
1028 2110 1066 2116 -
1080 2096 1107 2130 4,
1130 2095 1147 2123 2
1162 2105 1299 2125 exercens
1316 2099 1349 2126 Β.
1367 2113 1402 2118 -
1419 2098 1445 2133 5,
1470 2097 1484 2125 1

179 2137 257 2172 lugit
285 2136 317 2164 B.
337 2150 375 2154 —-
395 2133 427 2167 5,
455 2132 473 2161 2
494 2134 639 2167 Quoniam
664 2136 761 2169 ipsum
786 2142 838 2161 rex
864 2135 938 2161 coeli
964 2134 1164 2163 consolabitur
1188 2136 1221 2163 B.
1247 2150 1284 2154 —
1308 2136 1365 2164 Str.
1393 2135 1490 2164 7-14

713 104 947 141 *56*-

521 204 639 236 Beatus
664 203 768 243 homo,
795 202 848 243 qui
872 203 977 234 manet
1001 200 1195 242 misericors,

520 251 672 290 Quoniam
698 252 764 290 ejus
789 250 875 282 Deus
899 247 1113 290 miserebitur,

624 299 742 331 Beatus
767 298 870 330 homo.

519 355 581 387 Est
604 354 802 396 maledictus,
830 353 884 393 qui
906 353 942 384 in
964 352 1015 383 ira
1039 355 1214 391 permanet,

520 401 610 441 Quod
635 400 760 441 profert
784 409 848 438 ore,
876 400 904 430 si
928 399 1025 431 vertit
1048 399 1082 430 in
1108 407 1215 440 opere,

626 447 689 480 Est
712 448 911 480 maledictus.

517 505 634 536 Beatus
659 504 762 543 homo,
786 504 839 543 qui
862 503 999 534 mundus
1025 504 1074 534 est
1091 501 1206 544 animo,

521 551 644 583 Poterit
668 551 742 590 quia
764 550 866 582 Deum
890 551 961 590 ipse
985 558 1126 590 cernere,

626 598 745 630 Beatus
770 598 872 631 homo.

518 655 581 687 Est
601 654 800 694 maledictus,
828 654 880 695 qui
905 654 1021 685 malam
1045 653 1209 684 tristitiam

522 701 634 734 Gestat
656 701 691 733 in
716 702 812 734 corde
835 702 960 742 prolixo
984 701 1043 733 sub
1068 704 1225 741 tempore,

626 750 688 781 Est
711 749 912 781 maledictus.

519 806 639 838 Beatus
662 805 764 847 homo,
795 806 850 845 qui
873 813 999 845 semper
1024 806 1071 836 est
1096 804 1234 846 patiens,

521 853 675 892 Quoniam
698 853 760 884 Dei
784 851 869 884 filius
892 852 1068 891 vocabitur,

624 901 743 933 Beatus
767 900 870 932 homo.

516 958 578 989 Est
600 956 798 996 maledictus,
825 956 878 996 qui
901 956 935 988 in
959 956 1024 987 suis
1049 956 1173 987 actibus

519 1004 660 1036 Laudari
685 1012 755 1035 sese
782 1004 869 1043 cupit
894 1004 933 1035 ab
958 1003 1151 1042 hominibus,

627 1051 688 1082 Est
711 1050 910 1085 maledictus,

521 1108 640 1139 Beatus
665 1106 758 1139 homo
784 1106 944 1138 sustinens
969 1107 1114 1146 injurias,

523 1154 655 1187 Tolerat
678 1155 763 1186 mala
788 1155 842 1194 qui
864 1156 998 1194 propter
1018 1155 1187 1193 justitiam,

627 1202 745 1234 Beatus
770 1201 873 1234 homo.

523 1259 584 1291 Est
607 1258 806 1298 maledictus,
834 1258 887 1298 qui
910 1260 1019 1297 portat
1044 1257 1237 1297 superbiam,

528 1307 589 1338 Pro
616 1314 677 1345 qua
704 1306 744 1337 de
769 1306 856 1337 coelo
882 1304 1067 1336 ceciderunt
1091 1305 1206 1347 angeli,

628 1353 690 1384 Est
713 1352 912 1385 maledictus.

524 1409 641 1441 Beatus
666 1408 769 1450 homo,
797 1408 850 1448 qui
875 1410 985 1447 sperat
1007 1408 1042 1440 in
1066 1407 1201 1440 Domino

520 1456 565 1488 Et
589 1456 676 1495 cujus
700 1464 826 1494 semper
852 1454 996 1487 Christus
1023 1458 1070 1487 est
1092 1454 1219 1496 fiducia,

628 1504 747 1536 Beatus
771 1503 874 1535 homo.

522 1560 584 1592 Est
608 1559 807 1599 maledictus,
835 1559 888 1599 qui
913 1567 1002 1600 spem
1027 1560 1118 1599 ponit
1139 1561 1172 1592 in
1189 1561 1317 1592 homine

520 1607 564 1638 Et
589 1607 642 1647 qui
665 1606 698 1638 in
726 1607 792 1646 ejus
819 1605 950 1639 confidit
974 1608 1129 1647 potentia,

627 1654 689 1686 Est
711 1654 911 1687 maledictus,

523 1710 633 1742 Gloria
656 1711 742 1750 patri
766 1718 891 1750 semper
916 1714 964 1742 est
987 1711 1019 1741 in
1045 1709 1123 1751 filio,

523 1757 655 1797 Semper
680 1758 734 1797 qui
757 1762 863 1790 manet
889 1766 959 1789 cum
985 1761 1095 1790 sancto
1120 1758 1237 1798 spiritu

633 1805 727 1837 Nune
751 1808 782 1837 et
805 1806 839 1837 in
863 1814 984 1837 aevum.

523 1861 635 1894 Gloria
655 1862 752 1902 patri,
778 1862 821 1893 ad
844 1861 1074 1894 beatitudinem

524 1909 583 1948 Qui
606 1918 663 1940 nos
689 1910 845 1948 perducat
865 1912 960 1948 atque
985 1909 1024 1941 ab
1050 1909 1260 1941 immunditiis

633 1956 700 1988 Nos
724 1964 850 1995 semper
873 1959 999 1996 purget..

179 2174 278 2202 fehlen
296 2174 338 2208 133
359 2173 432 2201 statt
450 2172 567 2200 dessen:

179 2328 252 2355 statt
273 2327 392 2354 dessenz

502 2210 611 2238 Beatus
630 2210 727 2244 homo,
748 2211 800 2247 qui
819 2211 885 2238 sitit
903 2213 933 2237 et
952 2212 1050 2244 esurit,

503 2248 649 2282 Quoniam
669 2248 735 2276 cibo
755 2248 831 2276 eoeli
851 2249 1039 2276 saturabitur.

183 2287 234 2323 14,
258 2286 273 2315 1
293 2287 463 2323 habensque
482 2286 649 2321 superbiam
669 2287 701 2313 B.
721 2302 761 2307 —
782 2285 831 2322 14,
854 2285 872 2313 2
890 2286 948 2314 Per
968 2295 1064 2323 quam.
1086 2303 1124 2307 —
1143 2287 1200 2314 Str.
1223 2286 1258 2316 15
1278 2288 1307 2315 ff.
1329 2289 1428 2317 fehlen
1448 2290 1489 2326 Β;

503 2363 605 2391 Gloria
623 2363 709 2398 patri,
729 2363 826 2399 gloria
846 2365 886 2391 sit
903 2362 976 2398 filio,

501 2401 587 2429 Nune
606 2403 635 2428 et
653 2409 704 2436 per
724 2403 829 2429 cuncta
847 2402 1031 2430 saeculorum
1049 2403 1176 2430 saecula.
