1653 2637
725 147 987 182 —253—

592 270 663 302 448.
696 271 737 302 De
758 272 864 302 sancto
885 270 1110 302 Panthaleone.

221 374 227 380 .
257 349 378 382 Summi
402 350 542 382 tonantis
568 351 670 390 unice,

256 396 315 436 Qui
342 401 458 430 cuncta
481 399 566 439 regis
591 399 739 439 provide,

254 445 378 477 Adesto
408 446 527 477 nostris
554 446 684 478 vocibus

255 492 312 533 Te,
340 492 477 535 Christe,
505 494 771 526 collaudantibus.

224 576 231 583 .
259 550 322 590 En,
349 551 452 590 pollet
476 551 531 582 lux
556 550 762 592 praefulgida

257 597 348 629 Sacri
375 599 497 630 cruoris
524 599 660 636 conscia,

259 645 327 684 Quo
353 646 416 677 sibi
440 647 691 686 Pantaeleymon

262 692 410 725 Concinit
431 694 584 726 coelicam
610 694 696 727 Sion.

229 774 236 781 .
262 749 327 781 Hic
350 750 442 781 miles
467 759 505 783 ut
527 751 700 783 laudabilis

263 797 475 830 Contemnens
497 799 584 838 jussa
610 798 766 838 principis

259 845 298 877 In
330 845 424 885 huius
449 846 560 877 mundi
585 846 690 878 stadio

261 892 393 926 Ditatur
419 893 538 925 Christi
562 893 685 925 bravio.

886 353 917 385 4.

888 549 919 582 5.

944 351 1064 391 Ignem,
1090 353 1202 393 rotam,
1232 351 1409 390 equuleum,

944 398 1081 438 Bestias,
1107 407 1204 440 mare,
1234 406 1403 438 carcerem,

945 447 1023 478 Post
1047 447 1149 478 victor
1174 446 1303 478 vincens
1326 445 1467 485 gladium

948 493 1043 525 Nunc
1067 492 1169 534 fulget
1192 502 1310 533 pompa
1326 495 1512 531 martyrum.

944 550 1049 590 Hujus
1075 553 1206 590 precatu
1233 550 1383 589 criminis,

948 598 1035 640 Jesu,
1062 607 1119 629 nos
1144 599 1233 629 solve
1257 597 1403 637 vinculis,

947 645 1097 677 Nondum
1122 646 1175 686 qui
1200 646 1284 677 lotus
1308 645 1437 677 lavacro

948 693 1061 724 Vincla
1086 693 1232 725 dissolvit
1254 701 1363 732 puero.

913 775 920 782 .
948 750 1069 788 Honor,
1097 750 1203 789 decus,
1228 750 1397 789 imperium

951 798 1001 830 Sit
1024 797 1162 829 trinitati
1184 798 1321 829 solidum

950 845 987 876 In
1011 845 1134 876 unitate
1158 845 1306 884 simplici,

951 892 1051 931 Quam
1075 892 1188 923 summi
1213 892 1348 924 laudant
1370 890 1483 930 angeli.

276 978 363 1005 Brev.
385 987 438 1005 ms.
461 978 637 1006 Coloniense
658 987 734 1006 saec.
758 976 800 1005 15.
844 977 912 1005 Cod.
935 977 1086 1005 Colonien.
1107 975 1133 1003 2.

661 1117 732 1149 449.
760 1117 805 1148 De
826 1116 934 1147 sancto
955 1116 1062 1147 Paulo.

231 1223 239 1232 .
267 1197 384 1229 Sancte
410 1198 518 1236 Paule,
544 1201 656 1238 pastor
680 1198 772 1242 bone,

313 1246 374 1277 Vas
403 1245 538 1277 electum
561 1246 699 1288 Domini,

264 1292 474 1325 Praedicator

314 1339 464 1372 Gentium
490 1340 625 1380 egregie.

226 1422 234 1431 .
261 1397 360 1437 Quem
383 1397 542 1429 Damasco
568 1397 834 1437 propinquantem

311 1444 384 1477 Lux
411 1445 521 1476 divina
545 1444 650 1476 subito

263 1490 485 1526 Circumfulsit

310 1540 372 1572 His
398 1539 504 1572 verbis
526 1540 745 1579 interrogans:

228 1625 235 1632 .
263 1597 368 1634 Saule,
396 1596 502 1636 Saule,
530 1596 606 1637 quid
631 1605 682 1627 me
700 1596 834 1628 caedis?

263 1645 334 1685 Ego
360 1654 429 1676 sum
454 1644 548 1677 Jesus
573 1644 738 1684 benignus,

312 1693 459 1725 Omnium
483 1692 640 1732 conditor,

265 1740 324 1780 Qui
349 1742 383 1771 te
407 1748 532 1780 quoque

314 1787 453 1820 Condidi
479 1796 517 1819 ex
541 1786 652 1820 nihilo.

228 1870 237 1879 .
263 1846 356 1877 Tunc
380 1845 413 1876 in
438 1846 558 1876 terram
584 1844 742 1887 corruisti,

264 1893 335 1926 Nec
360 1892 494 1924 sufferre
519 1891 651 1932 potuisti

312 1941 410 1973 Vocis
435 1940 499 1973 vim
526 1939 675 1980 coelicae,

263 1990 343 2023 Mox
368 1987 494 2021 futurus

310 2037 433 2070 Doctor
457 2037 492 2068 in
518 2035 663 2068 ecclesia.

229 2122 236 2130 .
265 2095 433 2128 Seminans
461 2093 539 2127 fidei

310 2144 472 2184 Dogmata
498 2142 676 2174 catholicae

263 2193 440 2226 Numerum
467 2190 664 2223 credentium

312 2240 539 2273 Accumulans.

230 2326 237 2333 .
263 2299 315 2331 Ex
341 2298 455 2339 quibus
475 2306 533 2329 nos
559 2305 679 2336 sumus,

312 2346 406 2378 Licet
430 2346 464 2377 in
486 2344 669 2378 novissimis

267 2393 439 2426 Constituti
463 2393 617 2433 temporis

311 2441 489 2483 Angustiis.

906 1198 936 1230 7.

898 2189 953 2221 10.

964 1197 1030 1229 Nos
1060 1196 1135 1228 audi
1160 1196 1386 1237 supplicantes,

966 1245 1035 1276 Lux
1062 1244 1157 1276 decus
1182 1244 1268 1275 orbis
1295 1244 1398 1282 hujus,

966 1295 1073 1331 Atque
1102 1294 1176 1323 vota
1201 1290 1390 1322 famulorum

965 1339 1050 1371 Pura
1073 1342 1179 1370 mente
1204 1338 1413 1370 famulantum

1011 1386 1125 1418 Recita
1144 1386 1258 1426 judici,

965 1434 1024 1473 Qui
1051 1434 1210 1465 coelorum

1015 1481 1164 1513 Continet
1187 1478 1334 1520 insignia.

963 1558 1012 1589 Tu
1037 1560 1148 1597 pastor
1172 1556 1264 1588 nobis
1292 1556 1395 1595 datus,

963 1606 1011 1637 Tu
1038 1605 1142 1645 gregis
1170 1604 1289 1636 Christi
1316 1605 1430 1645 custos,

966 1654 1045 1692 Ejus
1070 1661 1129 1692 pro
1155 1652 1258 1684 salute
1282 1659 1408 1690 semper

966 1700 1156 1740 Supplicare
1180 1699 1248 1739 regi
1273 1701 1394 1738 nostro,

1016 1747 1111 1787 Cujus
1135 1747 1304 1786 imperium

966 1796 1041 1828 Sine
1066 1794 1129 1827 fine

1012 1843 1125 1875 Manet
1147 1843 1181 1874 in
1206 1843 1404 1882 perpetuum,

933 1946 940 1952 .
966 1920 1026 1962 Tu,
1053 1918 1163 1951 feritas
1189 1918 1350 1950 hominum

969 1967 1120 2006 Quotiens
1143 1967 1179 1999 id
1206 1965 1363 2006 exigebat,

967 2017 1102 2049 Carnem
1127 2017 1214 2047 tuam
1240 2013 1404 2046 cruciabas

1015 2063 1249 2103 Sempiternam

966 2112 1011 2145 Ut
1037 2111 1198 2151 acciperes
1224 2109 1368 2151 gloriam.

968 2188 1033 2220 Ter
1057 2188 1171 2228 pelago
1196 2186 1331 2219 navibus

1017 2235 1155 2276 Crepitis

966 2284 1094 2325 Ingenti
1119 2284 1159 2316 de
1183 2283 1327 2324 periculo

1016 2333 1079 2365 Vix
1105 2332 1232 2371 elapsus

965 2380 1083 2412 Mortis
1107 2379 1222 2411 merito
1248 2378 1410 2411 coronaris

1013 2428 1064 2460 Ab
1091 2427 1275 2462 altithrono.
