1653 2637
743 133 1004 169 -291—

613 245 673 276 518.
703 245 748 276 De
768 247 875 277 saneto
895 245 1145 287 Wandregiselo.

214 320 245 352 1.
274 320 334 361 Qui
359 323 445 354 solus
471 323 559 356 orbis
585 328 696 357 auctor
721 334 764 368 es,

271 369 382 401 Polum
409 371 530 410 pugillo
556 373 699 404 contines

270 416 468 458 Terramque
492 419 598 458 palmo
624 421 795 463 ponderas,

270 463 399 497 Nostris
425 466 536 497 adesto
562 468 716 501 sensibus,

212 541 244 572 2.
272 540 378 582 Digne
402 551 554 582 queamus
579 552 737 584 promere,

271 589 358 627 Quae
383 593 513 621 sanctus
536 589 665 623 afflatus
689 591 758 623 Deo

269 635 528 677 Wandregisilus
553 642 697 678 gesserat

269 683 338 715 Tua
364 683 493 716 favente
518 686 632 724 gratia.

207 761 238 792 3.
267 758 329 791 Dei
354 760 405 791 vir
428 760 499 800 ipse
523 764 629 793 cretus
655 765 704 792 est

267 806 318 838 Ex
343 807 446 846 stirpe
470 808 565 839 valde
590 809 702 847 nobili,

266 853 318 886 Ex
344 858 439 894 gente
465 855 552 886 clara
576 856 736 889 Franciae

269 901 365 943 Origo
392 902 497 934 carnis
523 905 628 936 tracta
654 908 711 936 est.

207 979 241 1011 4.
266 979 346 1011 Mox
372 979 439 1011 alta
466 979 586 1012 Christi
612 989 744 1011 munera

267 1026 415 1066 Percepit
440 1026 481 1058 ab
507 1026 644 1059 infantia

267 1072 445 1114 Castaeque
470 1074 556 1105 vitae
580 1075 703 1106 semina

266 1121 386 1153 Aetate
410 1122 519 1161 prisea
543 1126 696 1154 senserat.

206 1198 236 1229 5.
265 1197 423 1238 Sponsam
449 1207 537 1229 suam
566 1199 692 1232 Christo
719 1201 826 1231 sacrat

264 1245 436 1286 Donatque
462 1246 549 1277 coelo
575 1247 740 1287 virginem,

263 1293 309 1325 Et
332 1294 404 1333 ipse
430 1295 536 1324 castus
561 1297 728 1334 permanet

265 1340 355 1373 Coeli
380 1341 534 1373 locandus
559 1342 700 1375 sedibus,

205 1419 236 1451 6.
262 1417 354 1449 Tunc
379 1426 468 1449 arma
494 1417 614 1450 Christi
638 1421 818 1457 sumpserat

265 1464 449 1505 Castrisque
473 1466 592 1497 sanetis
614 1475 649 1497 se
675 1466 765 1497 dedit

262 1512 537 1552 Monasticamque
562 1514 706 1553 regulam

263 1560 429 1601 Perquirit
453 1569 530 1592 aure
555 1561 653 1601 vigili.

927 328 957 359 7.
974 326 1113 358 Verbum
1138 328 1199 360 Dei
1228 327 1368 360 fideliter

972 374 1100 414 Ubique
1124 375 1239 415 pandit
1262 374 1420 415 plebibus,

972 422 1129 462 Exempla
1154 425 1265 455 sancta
1289 423 1468 455 condocens

974 470 1084 502 Plures
1106 471 1149 502 ad
1174 475 1262 502 astra
1286 473 1425 504 vexerat.

923 547 953 579 8.
968 545 1117 578 Fontana
1140 547 1233 579 bullit
1259 545 1367 577 lucida

971 594 1008 625 In
1035 593 1119 625 valle
1142 593 1403 636 profundissima,

973 640 1071 679 Quam
1094 641 1187 680 Juxta
1213 641 1325 672 cellam
1352 641 1497 673 condidit

970 688 1014 719 Et
1040 688 1178 720 claustra
1205 688 1324 721 Christi
1350 687 1487 722 famulis.

924 764 954 797 9.
969 763 1112 795 Foedata
1137 764 1247 796 morbo
1274 773 1408 803 corpora

970 810 1089 842 Sanata
1113 811 1223 843 reddit
1244 812 1326 851 usui,

969 857 1153 898 Lumenque
1177 867 1288 890 caecus
1315 859 1441 899 accipit,

969 905 1148 944 Vocemque
1177 906 1293 938 surdus
1318 906 1477 939 hauserat.

900 982 954 1014 10.
969 981 1094 1013 Turbas
1120 980 1241 1021 fugavit
1269 981 1459 1013 daemonum

967 1029 996 1060 A
1024 1028 1173 1060 cordibus
1199 1028 1353 1069 fidelium,

968 1076 1146 1115 Omnesque
1171 1076 1268 1108 verbo
1294 1075 1421 1108 luminis

966 1123 1165 1155 Mandantur
1189 1124 1222 1155 in
1248 1123 1414 1157 munditia.

898 1199 951 1232 11.
967 1199 1068 1231 Beata
1092 1202 1180 1231 astra
1201 1200 1268 1239 Jam
1292 1198 1384 1238 petit,

966 1247 1084 1278 Terras
1110 1247 1262 1286 relinquit
1284 1246 1426 1286 spiritus,

968 1293 1166 1326 Coelestibus
1193 1303 1262 1325 eum
1277 1294 1410 1328 ‚civibus

966 1341 1073 1373 Vitam
1098 1341 1223 1374 beatam
1250 1341 1399 1376 continet,

896 1420 950 1451 12.
966 1417 1125 1457 Exempla
1148 1419 1250 1457 patris
1275 1417 1378 1449 incliti

966 1465 1099 1504 Semper
1122 1468 1238 1505 tenete,
1265 1464 1335 1507 filii,

966 1513 1095 1552 Queatis
1120 1516 1157 1545 ut
1181 1512 1351 1545 virtutibus

968 1560 1117 1593 Gaudere
1143 1570 1210 1592 eum
1240 1560 1439 1593 coelestibus

546 1637 601 1671 13.
628 1638 697 1670 Deo
722 1638 808 1677 patri
834 1639 878 1670 sit
901 1638 1005 1678 gloria

629 1685 773 1725 Ejusque
797 1686 857 1717 soli
883 1685 949 1717 filio

628 1734 704 1766 Cum
732 1733 849 1772 spiritu
873 1733 1031 1773 paraclito

628 1780 674 1812 Et
697 1789 781 1811 nunc
806 1783 838 1812 et
861 1781 894 1812 in
920 1782 1120 1820 perpetuum.

279 1865 349 1893 Cod.
370 1865 478 1892 Portus
500 1864 622 1892 Gratiae
648 1862 697 1894 (οἰ.
717 1863 932 1899 Fontanellen.)
955 1861 1012 1892 332
1031 1863 1064 1896 (A
1087 1861 1135 1898 34)
1154 1873 1229 1892 saec.
1250 1862 1277 1892 9.
1300 1878 1335 1883 -
1357 1864 1389 1899 4,
1415 1863 1435 1893 4
1453 1866 1524 1893 Lies

201 1905 338 1931 severat?
360 1919 397 1923 —
418 1900 450 1937 8,
475 1900 493 1931 3
511 1903 598 1938 juxta
618 1903 698 1930 olive
716 1902 865 1940 condebat.
885 1918 922 1922 —
942 1903 1013 1930 Vier
1034 1902 1179 1939 Strophen
1201 1903 1307 1930 kiirzer
1328 1911 1381 1930 aus
1403 1904 1526 1938 Quellen

201 1942 251 1970 des
275 1939 318 1970 13.
340 1941 444 1969 Jahrh.
484 1941 571 1969 Anal.
592 1942 645 1975 XI,
667 1939 732 1970 261.

632 2092 694 2124 519.
728 2092 772 2123 De
792 2092 903 2123 saneta
923 2091 1104 2123 wiborada.

200 2184 231 2217 1.
256 2183 390 2217 Festum
419 2183 503 2215 diem
529 2182 738 2223 wiboradae,

307 2232 441 2272 virginis
468 2234 501 2262 et
524 2231 686 2275 martyris,

265 2279 488 2312 Geminantem
513 2279 690 2320 tripudium

309 2337 378 2359 eum
405 2327 531 2360 coronis
552 2328 697 2369 geminis,

260 2375 334 2408 Una
355 2384 465 2407 omnes
491 2384 679 2407 veneremur

306 2424 438 2456 vocibus
465 2432 535 2456 cum
562 2423 718 2456 consonis.

895 2184 928 2216 2.
953 2182 1081 2214 isthaec
1106 2184 1274 2222 postquam
1301 2181 1355 2213 diu
1380 2182 1466 2214 vitae

1004 2229 1174 2263 desudavit
1197 2229 1351 2269 practica,

954 2278 1152 2310 Desiderans
1174 2277 1240 2317 jam
1267 2277 1374 2317 quieta

1002 2335 1117 2358 vacare
1141 2326 1295 2366 theorica,

954 2374 1070 2407 Sedem
1096 2374 1158 2406 sibi
1185 2372 1321 2414 eligebat

1001 2422 1163 2456 clausulae
1188 2421 1358 2461 ergastula.

1291 2475 1325 2508 19
1339 2475 1351 2491 '‘
