1653 2637
692 155 954 191 -197m

165 252 196 284 5.
225 249 321 290 Cujus
346 254 416 284 tota
441 250 565 285 familia
854 256 883 289 6,
912 255 1050 293 Quorum
1071 262 1140 293 nos,
1168 253 1304 294 Christe,
1329 252 1479 293 precibus

225 298 304 331 Cum
329 299 455 332 nutrice
481 299 662 333 Concordia
912 301 1084 342 Culparum
1110 302 1229 334 munda
1253 299 1396 333 faecibus

222 346 287 379 Per
306 347 454 388 martyrii
479 348 640 388 supplicia
909 349 954 380 Et
978 348 1120 382 transfer
1142 358 1198 381 nos
1225 349 1266 381 ad
1292 350 1418 389 gaudia,

222 393 350 426 Intrant
375 404 445 426 cum
470 396 578 435 palma
603 397 729 436 gaudia.
911 396 976 429 Ubi
1002 406 1116 438 regnas
1141 406 1200 436 per
1225 397 1363 429 saecula.

239 469 323 496 Brev.
343 470 521 499 Pataviense
540 473 610 507 imp.
624 472 778 508 Augustae
801 470 882 500 1495.
898 472 932 499 A.
957 489 969 492 -
1004 473 1089 500 Brev.
1104 473 1280 500 Pataviense
1300 472 1373 508 imp.
1388 470 1482 498 Vene-

161 508 214 534 tiis
241 505 324 535 1508.
345 508 378 536 B.
404 523 440 528 —
462 510 548 537 Brev.
567 510 744 538 i’ataviense
771 512 840 547 imp.
861 511 995 538 venetiis
1017 508 1099 538 1515.
1121 510 1153 538 C.
1175 525 1211 529 ——
1233 507 1265 542 1,
1293 510 1311 537 3
1333 510 1483 543 martyriis

162 545 246 577 ABG,
268 548 410 575 memoria
430 549 559 584 ergiinzt.
580 563 617 567 —
637 546 671 582 2,
695 547 713 576 2
733 548 900 576 Exhortans
921 549 1074 585 naufragio
1097 549 1181 576 ABG.
1202 563 1241 568 —-
1260 545 1294 582 3,
1315 546 1335 575 4
1354 547 1484 575 Effectus

162 583 337 651 3131?ng
339 599 382 650 ¹——
409 584 442 621 4,
471 584 489 613 2
512 587 688 623 sprevitque
713 595 798 615 omne
819 589 855 622 Ο,
885 588 998 622 sprevit
1024 595 1167 623 omneque
1187 586 1243 615 BC.
1276 600 1312 604 —
1334 587 1365 621 6,
1392 582 1410 613 3
1429 593 1483 612 nos

599 735 664 767 335.
698 737 740 768 De
761 737 869 767 sancto
893 735 1042 768 Huberto.

711 812 758 843 Ad
780 813 938 850 Vesperas.

167 881 196 913 1.
225 880 345 912 Laudis
370 881 505 921 hymnus
532 882 719 914 decantetur
854 883 885 914 4.
913 881 1006 913 Plebi
1031 889 1106 913 suae
1131 881 1328 920 praedicavit

272 928 400 961 Christo
427 930 494 969 regi
520 929 649 969 gloriae,
961 928 1054 968 Spem
1080 937 1238 967 supernae
1263 929 1393 968 gloriae.

224 974 266 1008 Ei
290 979 419 1008 nostrae
443 979 667 1015 praesentetur
913 976 1011 1015 Quam
1034 976 1188 1008 Dominus
1213 977 1420 1016 praeparavit

272 1023 432 1064 Organum
456 1024 624 1064 melodiae,
960 1023 1162 1055 Haeredibus
1188 1023 1318 1066 gratiae,

226 1070 324 1109 Quem
350 1071 515 1103 Hubertus
540 1073 682 1104 intuetur
914 1071 967 1103 Sic
991 1071 1136 1103 subditos
1161 1070 1347 1103 informavit

275 1118 431 1150 Revelata
455 1117 547 1151 faeie.
961 1118 1067 1150 Verbo
1093 1118 1277 1157 sapientiae.

166 1177 198 1208 2.
226 1174 332 1208 Saecli
354 1184 503 1216 pompam
531 1176 693 1209 abdicavit
856 1177 885 1207 5.
913 1176 1008 1207 Hune
1030 1177 1200 1215 patronum
1228 1176 1416 1207 extollamus

276 1222 440 1256 Lamberti
467 1224 608 1263 consilio,
963 1222 1025 1254 Per
1048 1223 1177 1255 laudum
1202 1223 1383 1263 praeconia,

225 1270 267 1303 Se
293 1271 400 1304 divino
426 1272 622 1311 mancipavit
912 1270 955 1302 Ei
979 1274 1071 1310 grata
1096 1270 1278 1302 studeamus

274 1318 439 1352 Hubertus
465 1319 616 1360 obsequio
960 1317 1084 1351 Offerre
1112 1318 1253 1356 servitia,

226 1367 276 1399 Ac
299 1366 333 1397 in
360 1367 481 1400 Christi
505 1367 652 1408 vigilavit
914 1366 960 1398 Ut
985 1366 1098 1397 adesse
1123 1366 1295 1397 sentiamus

274 1413 411 1446 Sedulus
436 1413 552 1449 officio.
962 1413 1026 1446 Sua
1051 1412 1141 1444 nobis
1167 1412 1318 1452 praemia.

167 1472 198 1504 3.
226 1471 305 1504 Post
329 1471 495 1503 Lamberti
520 1472 717 1512 martyrium,
855 1473 886 1504 6.
913 1470 982 1502 Deo
1007 1469 1093 1509 patri
1118 1469 1161 1500 sit
1184 1472 1336 1509 potestas,

274 1519 440 1551 Praeclari
463 1519 624 1559 pontificis
962 1516 1047 1549 Filio
1073 1517 1253 1559 prudentia,

224 1566 403 1606 Insignitur
427 1576 486 1606 per
512 1566 657 1607 Sergium
916 1565 1101 1605 Coaequalis
1127 1565 1169 1596 sit
1194 1565 1343 1603 majestas

274 1613 390 1647 Infulis
415 1614 592 1655 magnificis
962 1612 1122 1645 Paraelito
1148 1613 1260 1654 gratia,

223 1662 340 1702 Fitque
365 1665 476 1703 pastor
502 1663 735 1702 Tongrensium
913 1661 974 1701 Qui
1000 1659 1159 1692 confortet
1182 1662 1303 1692 mentes
1328 1663 1465 1692 maestas

272 1710 420 1743 Jussibus
445 1710 608 1751 angelicis.
964 1708 1100 1740 Perenni
1125 1708 1258 1741 laetitia.

242 1785 325 1813 BreV.
347 1795 401 1814 ms.
420 1786 594 1822 Tungrense
613 1793 687 1813 saec.
712 1783 756 1813 15.
791 1784 861 1813 Cod.
877 1784 985 1813 Semin.
1000 1783 1139 1811 Leodien.
1163 1781 1179 1810 6
1200 1783 1231 1810 M
1253 1779 1270 1807 2
1284 1782 1318 1809 A.
1340 1798 1377 1802 —
1398 1782 1482 1810 B1·cv.

164 1833 216 1852 ms.
239 1831 315 1851 saec.
333 1822 375 1852 14.
411 1823 480 1851 God.
496 1823 719 1860 Dusseldorpin.
746 1823 770 1852 G
784 1821 828 1851 60.
845 1824 877 1850 B.
900 1838 934 1843 -—
950 1823 1033 1850 Brev.
1054 1829 1108 1849 ms.
1123 1821 1332 1848 Tremoniense
1345 1829 1420 1848 saec.
1439 1818 1481 1847 15.

166 1863 236 1891 Cod.
267 1862 485 1890 Darmstadien.
514 1860 579 1890 869,
606 1861 636 1889 C.
669 1877 704 1881 —
734 1861 854 1897 Antiph.
885 1869 938 1889 nis.
964 1860 1193 1888 Franciscanum
1220 1866 1296 1886 .aee.
1324 1857 1358 1886 16
1415 1858 1483 1885 Ccd.

163 1900 331 1929 Bruxellen.
358 1898 442 1930 6433.
463 1902 499 1929 D.
595 1899 625 1934 1,
655 1899 670 1928 1
691 1901 827 1937 Hymnus
853 1898 950 1927 laudis
971 1899 1034 1926 AD.
1059 1913 1095 1918 --
1116 1895 1147 1931 2,
1176 1895 1194 1925 3
1215 1897 1314 1924 divino
1338 1897 1486 1924 dedicavit

163 1940 196 1967 B.
217 1955 254 1960 ——
274 1937 302 1974 4,
325 1938 342 1967 5
363 1941 521 1967 infamavit
537 1940 572 1967 A.
594 1954 630 1959 -
652 1940 677 1973 6,
699 1939 716 1967 5
740 1938 797 1972 Qui
818 1939 966 1966 consortes
988 1938 1022 1964 A.
1043 1952 1081 1957 —
1100 1936 1170 1963 Mel.
1190 1936 1291 1972 Pange
1309 1935 1412 1972 lingua
1431 1935 1468 1962 D.

610 2062 675 2094 336.
704 2063 745 2094 De
770 2062 876 2093 sancto
897 2060 1046 2093 Huberto.

727 2139 777 2170 Ad
797 2140 925 2170 Laudes.

165 2215 196 2249 1.
223 2213 348 2246 Novum
375 2213 475 2245 melos
502 2213 705 2245 decantemus
857 2213 888 2244 2.
915 2209 1061 2241 Militare
1087 2205 1268 2247 concupivit

269 2262 308 2293 In
332 2261 471 2294 Huberti
497 2260 634 2301 nomine,
962 2258 1000 2290 In
1029 2255 1255 2294 adolescentia,

225 2308 340 2341 Votum
365 2309 480 2341 mentis
507 2310 689 2342 ordinemus
915 2306 1030 2345 Jugum
1060 2304 1179 2338 Christi
1204 2304 1279 2343 post
1303 2303 1424 2334 subivit

275 2357 354 2390 Cum
380 2357 483 2390 vocali
510 2357 659 2396 carmine,
965 2352 1081 2393 Spreta
1105 2352 1216 2384 mundi
1240 2351 1353 2392 gloria,

225 2404 271 2438 Ut
296 2406 453 2446 condigne
477 2412 662 2437 resonemus
917 2400 1012 2432 Hune
1036 2400 1227 2433 Lambertus
1254 2399 1393 2432 erudivit

273 2452 339 2486 Sub
369 2453 431 2485 hoe
454 2452 682 2485 moderamine.
963 2448 1083 2481 Morali
1108 2448 1250 2481 scientia.
