1653 2637
696 118 955 155 *200—

160 222 192 253 3.
218 219 243 252 Ο
267 227 361 258 quam
384 216 498 251 beatae
521 219 672 250 lacrimae

218 266 339 298 Dolore
361 269 536 305 martyrum
563 266 677 305 editae,

219 313 306 352 Quae
329 322 393 345 non
419 317 530 345 carent
553 313 742 345 coelestibus

217 361 339 393 Dantes
364 361 521 401 loquelam
546 361 690 401 gemitus.

844 218 878 250 4.
905 215 975 247 Hac
999 216 1089 254 prole
1113 217 1215 247 mater
1238 213 1350 248 inclita

902 262 1107 294 Fecundatur
1132 262 1275 302 ecclesia,

908 309 1036 343 Gaudet
1060 309 1175 342 chorus
1200 310 1362 350 angelicus

905 357 1090 398 Crescitqne
1118 366 1193 390 suus
1219 366 1376 389 numerus,

506 420 537 452 5.
562 418 586 450 O
615 417 750 456 Christe,
776 425 833 448 rex
858 414 1041 456 fortissime,

560 465 584 497 O
610 467 700 497 actor
723 464 931 504 innocentiae,

561 512 724 552 Conjunge
748 520 805 543 nos
830 509 1007 548 infantulis,

560 559 620 598 Qui
644 562 676 591 te
702 561 819 591 canunt
841 558 873 589 in
899 557 1065 589 mortibus.

237 626 322 653 Brev.
344 624 555 653 Roschildense
579 626 647 661 imp.
668 623 792 652 Parisiis
822 621 904 651 1517.
925 639 963 643 -
985 620 1013 657 Is,
1043 620 1060 649 2
1080 621 1226 649 Christum
1247 621 1342 649 Deum
1361 621 1415 647 vis.
1437 634 1473 639 -—

168 662 191 696 1,
213 661 230 691 3
251 664 364 691 Pueris.
384 678 421 682 ——
444 661 467 697 1,
488 662 508 690 4
528 663 640 691 Coelos.
661 678 698 682 -
718 660 744 696 2,
768 661 782 689 1
803 662 946 690 Fratrum.
967 676 1005 681 -—
1025 659 1050 694 4,
1072 658 1090 687 2
1109 660 1300 689 Fecundetur.

607 791 668 824 341.
699 793 742 824 De
762 792 868 823 saneto
889 790 1037 823 ι1000111111.

709 869 757 899 Ad
776 869 932 906 Vesperas.

166 941 197 973 1,
224 940 349 979 Quem
365 942 503 979 terra,
530 942 702 980 pontus,
722 947 789 970 ae-

564 987 686 1018 thera

225 1035 350 1075 Colunt,
377 1035 467 1075 plebs
490 1034 604 1066 laudat
619 1034 791 1072 hominum,

227 1083 317 1121 Quod
343 1082 507 1114 transtulit
529 1081 569 1113 ad
595 1081 704 1113 sidera

227 1131 246 1163 J
250 1130 383 1170 oachim,
409 1132 534 1169 patrem
555 1128 691 1160 Mariae.

168 1190 198 1220 2.
228 1186 301 1220 Cui
327 1187 444 1227 luna,
471 1186 536 1217 sol
561 1188 601 1216 et
626 1186 762 1217 omnia

229 1234 430 1273 Deserviunt,
459 1232 543 1265 hunc
568 1232 688 1264 creavit

231 1282 307 1314 Cum
333 1281 418 1312 omni
443 1281 653 1312 sanctimonia

228 1328 273 1360 Et
297 1328 430 1367 protulit
452 1327 553 1367 stirpe
577 1327 693 1361 David.

169 1387 201 1419 3.
229 1385 448 1417 Mirantur
479 1392 574 1425 ergo
601 1384 793 1423 saecula,

230 1432 332 1463 Deum
359 1439 397 1463 ac
420 1431 578 1463 hominem
603 1440 677 1463 vere

229 1479 282 1510 Ex
306 1478 431 1510 Judaea
458 1478 626 1518 plebecula

229 1526 374 1558 Joachim
400 1535 490 1557 avum
520 1525 647 1559 habere.

170 1585 202 1616 4.
227 1583 361 1614 Beata
385 1587 518 1615 mater
542 1590 727 1622 munere,

227 1630 364 1662 Mariam
394 1638 475 1669 quae
500 1630 641 1670 angelico

228 1677 313 1709 Fatu
337 1677 452 1708 meruit
477 1677 605 1718 gignere

227 1724 248 1756 J
250 1725 384 1767 oachim,
413 1725 481 1756 viro
508 1724 636 1757 0001100.

851 939 883 971 5.
909 937 1147 969 Benedicta
1173 935 1284 967 coeli
1308 934 1457 967 nuntio

911 985 1027 1024 Verba,
1055 984 1211 1024 ι1000111111,
1238 983 1367 1024 audisti,

909 1033 972 1064 Per
1000 1041 1093 1072 quem
1118 1031 1215 1063 cessit
1239 1028 1380 1062 confusio

912 1080 989 1112 Cum
1014 1079 1183 1111 sterilitate
1208 1077 1303 1110 tristi.

879 1185 936 1218 ,Ο
962 1185 1161 1225 gloriosa
1187 1182 1372 1221 domina,

911 1232 1047 1264 Laetare
1072 1241 1141 1263 cum
1166 1230 1350 1272 poliarchis,

911 1280 989 1319 Quia
1012 1279 1157 1312 Joachim
1184 1279 1292 1311 divina

913 1327 1061 1366 Suscepit
1087 1335 1155 1358 cum
1180 1326 1382 1367 patriarchis.

877 1409 885 1416 .
911 1383 969 1415 Τ11
993 1384 1106 1424 regis
1132 1383 1214 1415 alti
1237 1384 1364 1423 janua

911 1431 979 1464 Fac
1003 1432 1088 1470 quod
1112 1431 1204 1463 nobis
1229 1432 1272 1462 sit
1295 1430 1417 1470 pervia,

914 1479 993 1511 Cum
1017 1477 1085 1510 filia
1109 1479 1247 1519 ingenua

912 1525 1000 1558 Dans
1029 1526 1111 1557 dona
1133 1526 1211 1558 tolle
1237 1526 1339 1558 devia.

879 1609 886 1616 .
915 1582 1065 1614 Gloria
1089 1583 1190 1625 tibi,
1216 1582 1411 1624 Domine,

913 1629 970 1668 Qui
996 1632 1089 1662 natus
1115 1639 1148 1662 es
1175 1630 1214 1663 de
1240 1630 1372 1670 virgine,

913 1678 976 1710 Avi
1001 1678 1047 1709 tui
1070 1678 1253 1718 precamine

911 1724 1006 1758 Salva
1031 1735 1088 1758 nos
1113 1726 1147 1757 in
1172 1726 1327 1759 examine.

247 1788 350 1817 Officia
369 1788 420 1818 SS.
441 1791 534 1824 Anna,
556 1790 700 1824 ,leat-him,
721 1790 841 1826 Joseph,
863 1792 931 1827 imp.
954 1799 976 1818 s.
996 1792 1014 1819 l.
1037 1794 1066 1819 et
1085 1801 1110 1820 a.
1131 1791 1223 1828 (Hain
1242 1790 1336 1827 8748).
1357 1807 1394 1812 -—
1417 1792 1441 1827 1,
1463 1791 1481 1819 2

170 1828 277 1855 Colunt
302 1830 395 1856 omnis
427 1828 525 1864 plebs3
555 1828 610 1856 lies
636 1829 737 1856 laudat
763 1830 863 1856 varie?
902 1829 944 1857 Es
970 1830 1043 1858 fehlt
1066 1831 1196 1858 niimlieh
1222 1833 1305 1858 sonst
1333 1829 1364 1866 1,
1390 1830 1410 1859 4
1430 1832 1480 1860 der

169 1867 262 1894 Reim.
283 1880 320 1885 —-
343 1864 369 1900 2,
390 1864 408 1892 2
428 1868 539 1894 creavit
557 1866 642 1894 hunc.
663 1882 700 1885 —
721 1865 746 1899 2,
768 1867 786 1894 3
801 1867 873 1895 Cum
894 1868 1014 1903 ergfinzt
1044 1885 1082 1889 —
1102 1866 1127 1903 2,
1148 1867 1168 1897 4
1188 1869 1224 1897 de
1244 1871 1343 1906 stirpe.
1364 1886 1401 1891 -—
1415 1869 1442 1904 4,
1462 1868 1482 1897 4

167 1904 215 1932 Ex
234 1904 379 1932 Ι1000111111.
403 1920 441 1925 -
470 1903 501 1938 6,
529 1902 546 1932 3
568 1904 652 1938 Quod
671 1904 815 1932 Joachim.
843 1920 879 1923 —
905 1906 935 1938 ὅ,
961 1906 980 1934 4
1004 1907 1036 1934 111
1062 1909 1162 1935 mortis
1191 1908 1332 1936 examine.
1357 1922 1394 1927 ——
1415 1909 1481 1936 Allo

168 1942 395 1978 Anfangszeilen
420 1942 471 1970 der
498 1941 643 1978 Sti-ophen
668 1944 734 1970 sind
761 1943 825 1970 (lein
850 1944 1067 1972 marianisehen
1094 1945 1230 1980 Hymnus
1256 1946 1391 1983 gleichen
1417 1947 1479 1974 Au-

168 1980 252 2015 fangs
273 1980 418 2015 entlehnt3
441 1980 569 2008 dadurch
589 1980 662 2008 wird
682 1980 744 2009 dies
766 1981 840 2009 Lietl
859 1981 905 2009 ffir
927 1982 974 2010 die
994 1983 1163 2011 Textkritik
1179 1984 1263 2018 jones
1283 1992 1343 2011 von
1356 1984 1478 2021 Belang.

606 2110 674 2141 342.
704 2111 747 2142 De
766 2112 873 2143 sancto
895 2113 1043 2144 Joaehim.

698 2188 745 2217 Ad
764 2187 955 2218 Nocturnum.

434 2256 463 2288 1.
491 2254 603 2286 Gaude
629 2256 812 2297 visceribus,
835 2260 947 2295 mater,
974 2260 1156 2291 muneribus

490 2302 635 2335 ι1010111111
660 2302 789 2344 referta,
815 2305 941 2337 solvens
968 2310 1040 2338 vota
1065 2310 1161 2347 certa,

536 2350 704 2391 Expurget
727 2352 800 2392 piae
824 2353 938 2384 mentis

586 2398 721 2430 Corde
745 2402 868 2432 natus
895 2409 941 2432 ex
966 2401 1170 2440 parentis.
