1653 2637
724 147 985 187 —171—

438 250 469 284 5.
494 249 598 290 Hujus
627 258 701 290 ergo
727 249 797 290 pias
822 250 985 291 pulsemus
1010 258 1115 294 aures,

491 298 612 330 Mentis
637 300 671 329 et
695 298 838 338 corporis
859 300 896 330 ut
919 298 1023 338 prosit
1046 299 1177 342 morbis,

494 345 596 378 Orans
621 345 796 386 propitium
822 355 882 386 pro
906 346 998 378 nobis
1026 346 1199 381 Christum.

436 424 468 456 6.
493 422 613 454 Trinae
637 422 755 454 unitati
779 420 867 455 sorte
892 422 1033 462 compari

495 470 544 503 Sit
568 471 649 511 laus,
675 470 787 511 honor,
813 470 920 513 decus,
947 470 1059 513 gloria,
1086 470 1188 503 virtus

492 518 537 550 Et
560 526 646 549 nunc
670 520 703 549 et,
726 526 785 557 per
811 518 916 550 omnia
941 518 1117 550 saeclorum
1143 520 1260 551 saecla.

269 612 354 639 Brev.
381 620 435 638 ms.
457 612 487 640 S.
508 611 657 640 Caeciliae
678 611 830 639 Colonien.
854 620 930 639 saec.
953 609 997 639 16.
1037 611 1107 640 Cotl.
1127 613 1345 641 Darmstadicn.
1367 611 1451 641 2656.
1471 631 1485 635 -

194 647 219 683 6,
243 647 261 677 3
281 650 466 678 saeculorum
487 650 615 678 saecula.

628 808 696 839 288.
726 808 770 839 Dc
790 812 899 841 sancto
919 808 1077 841 Faustino.

734 896 782 926 Ad
803 897 958 935 Vesperas.

389 982 419 1017 1.
445 984 537 1016 Diem
574 984 659 1016 hunc
683 983 801 1017 festum
823 985 933 1017 reddit
957 994 996 1017 ac
1020 985 1178 1018 celebrem

447 1032 533 1065 Celsi
557 1032 705 1064 Fausssini
729 1032 858 1064 heroica
883 1033 995 1072 virtus,

445 1080 512 1119 Quo
538 1079 672 1111 solvitur
698 1088 803 1121 carne,
832 1081 956 1112 locatur
979 1079 1109 1112 aethere

493 1128 556 1159 Per
581 1129 624 1167 te,
649 1135 707 1158 rex
732 1126 867 1162 Christe.

387 1203 419 1234 2.
445 1202 591 1234 Adolens
616 1205 714 1242 aetam,
740 1202 829 1234 luxui
854 1202 1016 1244 proclivis,

444 1250 608 1282 Christum
629 1249 744 1281 induta
766 1250 870 1282 inhiat
893 1250 1015 1289 virtuti,

441 1296 546 1329 Effert
568 1296 758 1328 Faustinum
787 1297 931 1337 apicibus
956 1297 1096 1336 summis,

490 1344 515 1376 Ο
540 1344 597 1376 lux
619 1343 725 1376 beata.

382 1422 414 1453 3.
441 1420 595 1453 Faustino
619 1418 735 1460 fauste,
761 1423 794 1452 te
819 1420 959 1451 reddunt
984 1418 1142 1451 celebrem

440 1468 528 1507 Opus
550 1470 582 1499 et
606 1475 720 1499 nomen
744 1468 893 1499 universo
919 1466 999 1506 orbi,

438 1515 557 1547 Tenam
584 1517 615 1545 et
640 1514 740 1546 salem
764 1523 842 1554 prae
866 1517 898 1545 te
923 1512 988 1545 fers
1014 1515 1047 1544 et
1070 1513 1174 1545 lucem

486 1562 563 1595 Vita
591 1563 782 1596 sanctorum.

378 1641 410 1673 4.
438 1639 515 1671 Tuis
540 1638 693 1679 magister
718 1637 863 1677 apicibus
887 1637 1017 1669 summis

436 1687 610 1719 Praedicas
637 1685 760 1718 cunctis
784 1694 892 1717 sacras
919 1684 1039 1717 Christi
1062 1684 1159 1726 leges,

434 1734 592 1775 Flagrans
607 1734 642 1765 in
660 1735 832 1775 auctorem,
858 1731 1004 1773 flammis,
1032 1735 1120 1765 crate
1145 1733 1273 1774 ardens,

483 1782 529 1814 Es
559 1790 676 1814 novum
700 1781 801 1814 sidus.

382 1859 415 1890 5.
440 1858 556 1890 Pacem
581 1856 708 1889 ferebas
732 1856 839 1897 gladio
865 1857 1027 1889 accinctus

442 1905 542 1937 Verbi
567 1909 600 1937 et,
623 1904 694 1937 adis
717 1913 831 1944 pacem
856 1913 931 1936 ense
954 1904 1048 1944 ictus,

440 1953 604 1994 Perpetim
630 1961 701 1984 cum
724 1953 833 1992 palma
855 1952 1030 1985 Laurentio
1056 1953 1203 1993 complex

488 2002 599 2034 Aurea
624 2001 708 2033 luce.

379 2080 411 2113 6.
438 2081 689 2113 Pomeranorum
713 2077 801 2110 natio
827 2077 944 2111 devota

437 2127 513 2160 Tibi
538 2135 624 2159 nunc
647 2126 759 2166 laetas
785 2129 906 2167 pastor,
932 2125 1045 2157 laudes
1072 2125 1178 2166 solvit,

438 2176 539 2216 Quam
563 2177 598 2207 tu
623 2174 827 2215 perillustras
853 2172 977 2214 fulgido
1004 2181 1140 2213 corpore

486 2224 544 2256 Pio
570 2232 609 2255 ex
634 2231 734 2257 more.

379 2301 412 2336 7.
438 2300 583 2334 Gadibus
609 2300 702 2339 hujus
728 2298 835 2331 adime
859 2300 895 2329 tu
920 2298 1054 2338 cladem,

436 2350 567 2382 Pestem
592 2356 631 2380 ac
654 2346 782 2388 famem,
808 2346 894 2377 bona
920 2348 1034 2377 cuneta
1059 2344 1178 2390 confer,

437 2397 566 2430 Clerum
591 2403 726 2435 quoque,
752 2396 855 2436 pater,
882 2392 985 2424 redde
1011 2393 1141 2434 dignum
1166 2401 1294 2433 semper

483 2443 538 2477 Ad
563 2451 693 2474 coenam
719 2441 803 2481 agni.
