1653 2637
710 139 971 175 -229—

449 237 480 270 2.
508 236 567 276 Qui
592 237 652 270 tibi
677 239 799 270 meritis
825 238 946 278 placuit
972 239 1100 281 sanctis,

504 284 609 325 Hujus
633 295 718 318 nunc
741 286 891 326 precibus
917 287 1027 318 adesto
1053 287 1124 326 pius

500 332 546 364 Et
568 336 613 373 tu,
640 333 737 374 Deus,
764 334 881 366 nostris
906 334 1035 374 ignosce
1059 336 1164 368 noxiS.

449 390 480 423 3.
509 390 612 422 Castis
640 393 675 421 ut
699 390 857 422 mentibus
882 399 990 422 omnes
1015 391 1173 430 possimus

503 436 645 469 Mortem
670 438 816 480 evadere,
843 438 941 470 vitam
966 440 1076 469 tenere

503 484 686 524 Regnantes
711 487 826 525 tecum,
854 485 980 518 Christe
1004 494 1061 517 rex
1086 494 1206 527 regum.

445 542 477 575 4.
505 540 555 573 Sit
578 542 665 581 patri
690 542 802 582 gloria,
828 545 903 574 nato
930 551 1056 582 corona,

506 588 623 621 Sancto
648 590 776 629 spiritui
799 589 938 629 jubilent
964 590 1079 629 cuncti,

503 636 567 668 Par
592 639 734 676 potestas
758 637 854 680 trino,
881 637 945 677 uni,
973 639 1113 670 aeterno.

254 719 341 747 Brev.
368 729 421 747 ms.
442 720 594 748 Faucense
620 729 695 748 saec.
718 719 762 748 14.
804 720 873 748 Cod.
892 721 1074 756 Maihingen.
1097 721 1128 750 11
1150 720 1174 749 1.
1194 721 1226 749 40
1246 721 1273 749 7.
1293 721 1328 749 A.
1351 737 1387 741 —
1407 722 1492 749 Brev.

176 757 331 785 Fauoense
356 766 431 785 saec.
456 756 499 785 15.
541 758 611 786 Cod.
631 759 812 795 Maihingen.
839 759 855 786 Ι
882 756 908 785 2.
933 756 962 786 8”
991 757 1035 786 13.
1056 759 1089 786 Β.
1112 774 1149 779 -
1169 761 1254 788 lii-ev.
1275 768 1328 787 ms.
1345 760 1495 787 Faucense

177 803 253 822 saec.
285 793 328 822 15.
371 795 441 824 Cod.
462 796 644 833 Maihingen.
671 796 702 824 ΙΙ
729 795 753 823 1.
780 794 817 824 3“
843 795 887 823 14.
910 796 940 824 C.
968 810 1005 815 —
1033 794 1059 830 2,
1080 794 1097 824 3
1118 798 1215 833 Hujus
1235 806 1289 825 nos
1311 798 1344 825 B.
1369 812 1406 816 —
1430 795 1456 830 3,
1477 795 1495 824 3

177 832 326 869 Regnanti
339 835 435 862 tecum
449 834 482 861 B.
498 849 536 853 —
551 835 587 862 In
602 835 626 861 Β
641 835 745 862 stehen
758 834 921 862 aurserdem
936 834 989 861 auf
998 834 1124 870 Magnus
1138 837 1314 871 iibertragen
1329 835 1377 863 die
1390 835 1497 863 beiden

177 871 317 906 Hymnen
339 872 392 898 auf
408 872 551 900 Nicolaus
570 873 755 907 Tolentinus,
775 873 864 900 Mone
885 873 933 900 ΠΙ
951 870 1017 900 466.

599 983 670 1015 403.
702 983 744 1014 De
764 984 876 1014 sancta
895 983 1088 1023 Margareta.

724 1050 773 1080 Ad
792 1050 950 1088 Vesperas.

177 1119 209 1151 1.
237 1119 386 1152 Gaudeat
414 1120 529 1152 chorus
554 1120 713 1160 virginum

236 1167 361 1200 Canens
386 1177 501 1200 novam
525 1168 723 1199 harmoniam

235 1214 281 1246 Et
302 1218 346 1253 tu,
373 1217 476 1247 mater
500 1215 644 1255 ecclesia,

234 1261 349 1294 Lauda
375 1262 493 1295 Christi
521 1262 730 1295 clementiam.

176 1320 207 1352 2.
235 1319 295 1358 Qui
319 1328 425 1352 rosam
451 1319 684 1359 delectabilem,

233 1366 283 1398 De
309 1376 371 1407 qua
396 1368 542 1399 coelestis
570 1367 659 1399 curia

234 1414 376 1447 Ornatur
401 1415 603 1455 mirabiliter,

234 1461 387 1494 Plantans
415 1463 455 1494 de
479 1466 568 1494 terra
592 1462 693 1493 arida.

172 1519 205 1551 3.
231 1518 284 1550 Ex
309 1521 403 1558 patre
429 1519 610 1552 Theodosio

232 1565 420 1607 Margareta
445 1569 494 1598 est
518 1567 634 1607 genita,

229 1614 316 1653 Quae
340 1623 495 1654 spernens
519 1623 603 1647 vana
626 1614 725 1654 idola,

232 1661 353 1694 Christi
376 1671 512 1703 sequens
537 1662 682 1702 vestigia.

867 1120 897 1151 4.
926 1119 1037 1151 Puella
1062 1118 1140 1151 felle
1166 1120 1278 1160 caruit,

924 1166 1116 1198 Humilitate
1141 1166 1258 1207 floruit,

923 1214 1019 1246 Unde
1043 1223 1107 1246 non
1133 1214 1306 1255 dedignata
1332 1217 1381 1246 est

926 1262 1008 1294 Oves
1033 1261 1166 1293 nutricis
1194 1262 1309 1295 colere.

890 1345 896 1351 .
923 1319 1021 1358 Virgo
1049 1319 1151 1350 electa
1174 1319 1315 1360 Domini,

924 1365 974 1397 Sis
998 1374 1120 1397 memor
1143 1367 1190 1398 tui
1214 1375 1388 1398 memorum

922 1413 967 1445 Et
992 1416 1154 1444 auctorem
1178 1414 1308 1445 laudum
1334 1414 1448 1445 harum

923 1461 1029 1500 Salva,
1058 1460 1154 1492 decus
1180 1461 1367 1500 puellarum.

888 1546 893 1550 .
921 1517 1006 1549 Laus
1033 1517 1104 1556 tibi,
1130 1526 1187 1548 rex
1211 1518 1364 1556 piissime,

924 1565 984 1603 Qui
1007 1564 1225 1604 Margaretam
1250 1565 1404 1605 virginem

921 1613 1001 1645 Post
1024 1612 1131 1644 brevis
1155 1613 1241 1645 vitae
1265 1613 1404 1652 spatium

923 1660 1047 1693 Ornans
1073 1663 1159 1692 serto
1184 1663 1350 1700 perpetuo.

245 1747 332 1774 Brev.
353 1755 406 1774 ms.
421 1747 607 1774 Dominican.
631 1755 707 1774 saec.
723 1744 767 1773 14.
798 1745 868 1774 Cod.
885 1744 1092 1772 Carolsruhan.
1112 1744 1175 1772 Pm.
1197 1743 1241 1772 79.
1264 1745 1329 1772 add.
1350 1753 1425 1772 saec.
1442 1743 1490 1772 14.

168 1785 204 1812 A.
225 1801 263 1805 —
284 1784 365 1812 Orat.
386 1793 440 1812 ms.
454 1785 624 1812 Dorotheae
643 1784 679 1812 de
691 1784 885 1812 Mittelhusen
905 1784 973 1810 anni
998 1780 1080 1809 1449.
1115 1782 1186 1810 Cim.
1203 1783 1356 1810 Monacen.
1383 1780 1491 1811 10930.

166 1824 200 1851 B.
221 1838 258 1842 —-
278 1821 306 1857 4,
330 1821 345 1850 1
365 1823 444 1850 velle
464 1823 561 1850 caruit
579 1822 613 1850 A.
633 1837 671 1842 —
691 1820 717 1858 6,
737 1820 758 1849 4
777 1824 854 1849 serto
876 1823 1048 1857 perpetuum
1069 1821 1101 1847 B.

587 1943 658 1974 404.
687 1943 732 1974 De
751 1943 862 1974 sancta
882 1941 1075 1982 Margareta.

702 2010 752 2041 Ad
771 2010 964 2040 Nocturnum.

171 2087 201 2121 1.
228 2086 307 2118 Dies
332 2084 440 2116 illuxit
462 2082 581 2123 gaudii,

226 2135 265 2167 In
291 2142 353 2173 quo
377 2132 467 2173 virgo
494 2130 630 2171 eripitur

225 2182 276 2214 De
300 2181 391 2221 gravi
417 2179 523 2212 carnis
549 2178 676 2210 sacculo

225 2230 270 2262 Et
294 2238 350 2262 suo
376 2236 493 2268 sponso
516 2227 671 2267 jungitur.

167 2289 199 2321 2.
227 2287 321 2320 Hanc
344 2287 475 2318 insanus
501 2284 653 2325 Olybrius

226 2334 348 2366 Videns
369 2334 403 2365 in
429 2335 525 2373 pastu
549 2333 665 2374 ovium,

227 2382 328 2421 Quam
352 2382 409 2413 ille
432 2381 544 2413 statim
569 2380 700 2420 cupiens

225 2430 308 2464 Vult
330 2429 364 2460 in
389 2436 522 2460 uxorem
548 2429 675 2462 ducere.

862 2082 892 2114 3.
920 2080 1002 2113 Nam
1029 2080 1118 2120 virgo
1145 2082 1214 2112 erat
1237 2078 1363 2118 florida,

919 2129 958 2161 In
988 2129 1070 2160 mira
1094 2128 1345 2167 pulchritudine,

919 2176 989 2209 Nec
1015 2185 1083 2208 eam
1108 2177 1157 2208 sol
1182 2175 1374 2219 fuscaverat,

920 2224 981 2257 Sed
1011 2224 1101 2264 quasi
1127 2233 1201 2256 rosa
1225 2222 1344 2257 floruit.

858 2284 889 2315 4.
916 2282 1008 2314 Haec
1029 2281 1172 2323 jussione
1196 2281 1355 2322 praesidis

918 2331 950 2362 A
974 2330 1129 2362 militibus
1156 2330 1281 2370 capitur

919 2377 964 2409 Et
991 2378 1100 2417 iniquo
1126 2378 1259 2418 Olybrio

918 2425 1017 2465 Virgo
1043 2428 1093 2456 est
1114 2428 1332 2466 praesentata.
