1653 2637
678 131 841 168 —238
894 150 935 154 —-

345 234 377 266 4.
402 233 528 272 Quanta
550 231 716 272 possideat
739 229 855 270 gaudia
877 227 1047 268 perpetim,

403 279 534 311 Nullum
561 286 615 310 cor
640 278 788 318 penetrat
811 277 920 316 lingua
943 275 995 308 vel
1020 275 1169 316 explieat,

404 328 511 361 Unam
533 334 669 366 namque
693 327 781 356 tenet
805 325 960 364 perpetuo
986 323 1111 362 stolam,

453 373 673 407 Praestolatur
699 375 729 403 et
755 371 898 404 alteram.

344 433 377 464 5.
403 431 427 463 O
453 430 605 469 Mai-tine,
630 429 692 461 Dei
716 428 847 468 praesul
869 427 1027 468 amabilis,

404 479 466 511 Pro
489 477 581 509 nobis
605 476 774 509 Dominum
801 484 897 515 posce
921 475 1108 514 piissimum,

404 526 450 559 Ut
474 525 606 557 mundet
630 525 762 556 miseros
788 523 919 555 erimine
944 522 1103 563 sordidOS,

453 571 554 605 Justis
580 571 724 611 praemia
749 569 926 603 conferens,

344 632 375 663 6.
401 629 472 661 Hoc
496 637 635 660 summus
660 628 793 670 genitor,
823 627 970 660 conditor
994 627 1143 666 omnium,

404 677 476 709 Hoc
505 676 685 717 unigenitus
710 678 830 707 annuat
852 674 948 715 filius,

402 723 640 763 Amborumque
664 723 757 756 simul
782 723 914 762 spiritus
939 721 1077 754 omnium

452 771 632 811 Disponens
657 771 739 803 bene
763 771 900 802 saecula.

230 847 317 874 Brev.
337 846 524 882 Aquileiense
544 847 615 881 imp.
634 846 768 874 Venetiis
791 843 874 873 1481.
893 860 931 863 —
950 843 978 878 5,
1000 842 1014 871 1
1037 843 1061 871 Ο
1083 844 1210 879 erganzt-

596 994 665 1025 422.
694 993 738 1025 De
757 994 864 1026 saneto
885 993 1029 1025 martino.

158 1073 190 1107 1.
214 1073 366 1114 Martine,
394 1073 556 1105 confessor
578 1074 691 1114 patris,
840 1075 870 1107 3.
897 1072 992 1104 Nunc
1017 1081 1091 1112 ergo
1116 1071 1217 1112 nobis,
1245 1078 1443 1110 quaesumus,

214 1120 337 1153 Inviete
363 1120 453 1153 miles
478 1119 546 1161 filii,
897 1121 1053 1152 Praesens
1078 1119 1190 1151 adesto
1217 1119 1358 1150 cominus

214 1168 348 1200 Athleta
373 1167 465 1200 fortis
491 1168 632 1208 spiritus,
896 1168 998 1200 Omne
1019 1167 1223 1206 impetrando
1250 1166 1448 1198 commodum

215 1215 316 1247 Nobis
342 1214 414 1247 fave
438 1214 652 1255 poscentibus.
895 1214 941 1246 Et
965 1216 1038 1254 post
1060 1222 1201 1254 perenne
1224 1212 1384 1253 gaudium.

155 1275 187 1305 2.
215 1272 334 1304 Christi
360 1281 482 1303 crucem
508 1274 544 1303 ‘tu
567 1272 693 1311 bajulas
838 1274 870 1305 4.
897 1272 1039 1310 Praesta,
1063 1273 1158 1311 pater
1180 1270 1324 1311 piissime

216 1319 404 1359 Christoque
430 1318 571 1351 confixus
598 1321 684 1353 eruci
897 1319 1049 1358 Patrique
1075 1327 1204 1358 compar
1228 1318 1331 1357 unice,

217 1367 365 1400 Jueunda
386 1375 540 1406 spernens
564 1368 683 1399 saeculi
900 1366 978 1399 Cum
1003 1366 1121 1406 spiritu
1144 1365 1303 1405 paraclito

216 1414 344 1446 Gaudes
369 1415 462 1446 modo
486 1414 520 1445 in
545 1423 641 1454 regno
666 1414 737 1446 Dei.
898 1414 992 1446 Nune
1017 1416 1049 1445 et
1072 1422 1131 1454 per
1156 1421 1248 1445 omne
1273 1413 1443 1445 saeculum.

231 1489 315 1517 Brev.
336 1498 389 1517 ms.
411 1490 617 1525 Maguntinum
637 1492 707 1517 anni
728 1486 810 1518 1413.
848 1488 917 1518 Cod.
938 1489 1156 1517 Franeofurten.
1172 1488 1272 1517 Barth.
1295 1486 1360 1516 150.
1379 1489 1414 1516 Α.
1429 1503 1463 1507 —-

155 1528 240 1555 Brev.
267 1535 310 1554 ms
341 1527 369 1555 S.
391 1527 609 1556 Bartholomaei
636 1536 710 1556 saec.
735 1526 777 1555 15.
819 1527 887 1555 cod.
908 1527 1127 1555 Francofurten.
1155 1527 1255 1555 Barth.
1284 1524 1346 1554 114.
1368 1527 1400 1553 B.
1428 1540 1467 1544 —

155 1563 179 1598 1,
203 1563 217 1592 1
239 1565 363 1594 Nicolae
383 1566 530 1594 confessor
548 1566 582 1593 B.

504 1713 573 1744 423.
602 1713 638 1744 In
658 1713 749 1745 Festo
772 1713 910 1754 Quinque
929 1713 1114 1752 Martyrum.

699 1790 748 1820 Ad
766 1791 924 1828 vesperas.

157 1869 187 1901 1.
214 1868 324 1901 Proles
349 1869 515 1901 Francisci
539 1870 696 1910 germinat
835 1871 867 1903 4.
894 1870 1000 1903 Radix
1027 1870 1067 1901 de
1090 1873 1179 1902 terra
1203 1869 1313 1901 sitiens

216 1916 325 1948 Crucis
352 1916 470 1949 Christi
494 1917 528 1948 in
552 1918 672 1958 stipite,
895 1917 963 1949 Hos
989 1917 1065 1949 fusti
1090 1917 1224 1948 haerens
1249 1916 1397 1949 madidat

211 1963 324 1995 Flores
350 1973 456 1996 roseos
482 1965 621 2004 geminat
897 1964 942 1997 Et
965 1965 1090 2005 gladius
1116 1964 1345 2004 pe1·transienS‚

217 2010 335 2043 Cruore
363 2013 441 2045 Jesu
466 2012 589 2044 comite.
899 2011 1058 2044 Profanus
1082 2011 1158 2043 inde
1183 2011 1336 2050 trepidat.

155 2073 175 2101 :i
214 2067 337 2100 Uberes
363 2067 485 2100 fructus
511 2069 644 2107 protulit
838 2070 868 2102 5.
895 2068 983 2108 Ignis
1008 2066 1136 2100 flamma
1160 2069 1351 2108 supponitur

212 2115 342 2155 Rigatos
369 2115 488 2148 Christi
509 2114 650 2158 flumine,
898 2116 1030 2155 Capillis
1057 2116 1171 2147 horum
1194 2114 1329 2156 floridis,

213 2163 271 2202 Qui
294 2171 398 2195 rorem
424 2162 517 2202 stirpi
543 2164 676 2195 contulit
894 2162 964 2195 Nee
987 2163 1015 2194 is
1040 2172 1100 2194 neo
1125 2171 1198 2195 caro
1223 2164 1337 2204 uritur,

214 2211 291 2244 Cum
316 2209 448 2249 spiritus
474 2210 654 2244 munimine.
895 2209 965 2242 Neo
989 2210 1140 2242 membris
1166 2209 1272 2243 fuse-at
1296 2213 1464 2252 squalidis.

150 2270 180 2300 3.
208 2267 342 2299 Duloem
368 2268 403 2298 ut
427 2269 532 2306 gustet
555 2266 722 2306 palmitum
838 2269 869 2301 6.
898 2267 1031 2299 Rabiem
1056 2267 1160 2307 gentis
1184 2267 1328 2308 perfidae

213 2315 442 2355 liquoremque
466 2313 672 2355 fragrantiae,
896 2315 947 2348 De
968 2313 1084 2346 finibus
1111 2316 1307 2349 credentium

206 2361 321 2395 Mortis
348 2361 470 2394 Christi
496 2370 530 2392 se
554 2362 715 2401 hospitum
894 2360 1007 2403 Aufer,
1034 2371 1052 2394 o
1077 2363 1162 2406 Jesu,
1190 2366 1325 2404 provide

210 2410 385 2452 Conjunxit
407 2409 615 2443 redolentiae.
895 2409 943 2443 ob
972 2419 1083 2443 necem
1107 2412 1322 2448 morientium.
