1653 2637
730 120 779 126 —-
828 99 895 136 106
943 118 990 124 -

644 194 703 226 166.
735 194 779 225 De
799 194 906 225 sancto
927 189 1068 231 Aegidio.

231 304 240 313 ,
265 276 388 316 Insigni
412 276 474 307 Dei
498 275 638 306 athletae

265 323 393 356 Laudes
419 332 475 355 nos
501 331 648 354 canamus
673 321 760 362 laeti,

267 371 395 403 Celebri
419 370 555 411 Aegidio

268 417 462 450 Graecorum
487 417 588 456 stirpe
611 415 788 455 progenito.

234 504 241 510 ,
267 474 330 505 Hic
354 474 488 506 Athenis
514 471 676 512 oriundus,

267 521 318 554 Ibi
343 520 433 552 fulsit
457 518 618 551 miraculis

265 568 473 607 Adolescens,
499 566 564 598 cita
586 573 682 605 prece

266 615 359 646 Nunc
380 622 529 645 succurre
554 612 722 645 debilibus.

234 699 241 706 ,
267 670 360 702 Felix
383 671 478 702 valde
504 668 622 710 Gallia,

267 717 365 756 Quem
390 717 554 757 generavit
579 715 723 754 Graecia,

265 764 313 796 Tu
337 767 505 804 patronum
532 762 792 801 defensoremque

267 812 374 843 Habes
401 811 508 843 divino
533 818 671 842 munere.

233 894 240 901 .
267 868 326 907 Qui
352 869 438 899 mota
463 867 555 899 sedat
577 866 688 905 maria,

269 914 439 956 Gaptorum
465 914 560 946 solvit
584 913 720 952 vincula,

267 961 332 993 Nos
359 961 400 993 ad
424 963 552 1001 portum
576 960 686 992 salutis
711 959 814 1001 trahe,

266 1009 473 1041 Peccatorum
495 1008 584 1040 solve
606 1006 744 1040 vincula.

888 274 917 305 5.
947 271 1124 304 Clamamus
1150 270 1192 302 ad
1218 278 1288 303 eum
1314 277 1441 303 omnes:

945 318 1061 350 Sancte
1085 318 1203 359 Aegidi
1230 316 1403 358 confessor,

946 366 999 398 Da
1023 365 1114 398 nobis
1141 373 1195 397 cor
1221 366 1403 407 contritum,

949 413 991 446 Os
1017 411 1196 445 confessum
1220 422 1349 445 servare
1370 412 1500 452 jugiter.

913 498 920 504 .
945 469 1047 501 Nobis
1073 469 1191 501 Christi
1213 469 1348 509 gratiam
1372 478 1479 510 posce,

946 516 992 549 Ut
1017 517 1120 548 carnis
1147 516 1213 555 ejus
1239 519 1470 548 sacramentum

945 564 1115 596 valeamus
1139 564 1287 603 accipere

946 612 999 643 Ad
1024 611 1159 644 salutem
1183 611 1318 643 animae.

910 693 919 700 .
944 667 1089 709 Demum,
1115 670 1226 699 sancte
1250 667 1379 707 Aegidi,

946 714 1011 746 Nos
1039 713 1192 747 defendas
1217 715 1251 746 in
1275 723 1377 754 agone

943 762 1006 794 Per
1027 763 1187 802 juvamen,
1212 765 1249 793 ut
1273 762 1434 794 Christum

946 809 1118 841 Videamus
1143 810 1178 841 iu
1202 812 1404 849 perpetuum.

910 890 919 899 .
946 865 1087 906 Praesta,
1114 867 1207 905 pater
1230 866 1380 905 ingenite,

945 911 1032 952 Jesu,
1058 921 1129 944 cum
1153 915 1262 945 sancto
1287 911 1424 950 flamine,

947 959 993 992 Ut
1016 959 1165 999 precibus
1189 959 1319 1000 Aegidii

944 1007 1120 1047 Jungamur
1143 1008 1179 1038 in
1202 1006 1405 1039 coelestibus

283 1100 367 1127 Brev.
387 1108 440 1127 ms.
463 1099 554 1135 Capit.
577 1099 798 1134 Dusseldorpin.
820 1106 895 1126 saec.
918 1096 961 1126 15.
984 1098 1052 1126 Ood.
1066 1098 1290 1135 Dusseldorpin.
1306 1098 1329 1125 C
1351 1096 1396 1126 64.
1410 1113 1447 1118 —
1460 1097 1513 1126 Ich

205 1138 283 1166 habe
308 1146 354 1165 am
373 1137 465 1165 Texte
483 1137 625 1164 keinerlei
644 1136 901 1172 Vei-besserungen
921 1145 1160 1172 vorgenommen,
1189 1136 1228 1164 da
1248 1137 1299 1164 der
1318 1136 1513 1164 unheilbaren

208 1175 341 1203 Schiiden
360 1175 433 1203 doch
453 1185 490 1203 zu
510 1175 586 1202 viele
606 1174 730 1202 bleiben.

674 1294 732 1325 167.
762 1294 805 1325 De
825 1295 936 1325 sancta
955 1293 1041 1325 Afra.

212 1366 242 1398 1.
269 1365 293 1397 O
322 1365 421 1397 virtus
444 1364 507 1396 Dei
531 1366 732 1404 praepotens,

271 1412 355 1443 Tuos
382 1411 497 1443 exaudi
521 1411 681 1451 supplices

267 1458 306 1489 In
330 1459 380 1490 his
404 1457 527 1490 festivis
552 1458 676 1498 gaudiis

267 1505 386 1537 Beatae
410 1504 511 1537 Afrae
536 1506 696 1544 martyris.

211 1563 241 1595 2.
269 1561 355 1600 Quae
380 1570 449 1592 cum
475 1561 517 1593 ad
544 1564 649 1593 votum
673 1561 789 1601 :iudicis

271 1608 399 1641 servire
419 1609 520 1640 nollet
539 1608 645 1648 idolis,

269 1656 400 1697 Corpus,
424 1656 457 1687 in
481 1664 541 1696 quo
566 1658 765 1695 peccaverat,

266 1702 429 1735 Incendiis
455 1701 624 1735 obtulerat.

891 1366 922 1397 3.
948 1364 1033 1396 Hinc
1058 1373 1077 1395 a
1098 1364 1252 1397 ministris
1276 1366 1411 1405 rapitur,

947 1412 1018 1451 Igni
1044 1412 1215 1444 cremanda
1238 1413 1386 1453 traditus,

949 1458 1013 1490 Sed
1037 1464 1147 1492 manet
1168 1459 1387 1499 imperterrita

949 1505 1122 1546 Tamquam
1149 1506 1292 1539 dolorum
1317 1507 1433 1539 nescia.

912 1586 919 1594 .
947 1561 1096 1594 Tendens
1120 1563 1155 1595 in
1178 1563 1276 1595 altum
1301 1564 1432 1604 lumina,

947 1608 1030 1640 Dum
1055 1610 1178 1649 palmas
1201 1614 1350 1650 premunt
1375 1611 1510 1653 vincula,

948 1655 1021 1688 Solo
1046 1657 1167 1690 relictis
1193 1659 1324 1690 artubus

950 1702 1079 1736 Coelum
1106 1706 1247 1745 capessit
1271 1706 1416 1745 spiritus

605 1760 636 1793 5.
661 1759 747 1791 Hinc
771 1759 908 1791 trinitati
933 1760 1042 1793 debita

659 1806 755 1847 Laus,
779 1807 881 1839 honor
906 1811 938 1839 et
960 1808 1095 1840 victoria

660 1854 847 1886 Perenniter
871 1855 914 1886 sit
938 1856 1042 1887 omnia

660 1902 724 1934 Per
748 1901 947 1934 saeculorum
971 1903 1109 1935 saecula.

283 1995 367 2022 Brev.
389 2003 441 2021 ms.
462 1994 607 2022 Fuldense
627 2002 701 2022 saec.
725 1992 768 2021 15.
796 1994 866 2022 Cod.
886 1995 1008 2023 Fulden.
1023 1997 1070 2024 Aa
1088 1993 1135 2023 81.
1155 2012 1194 2017 -—
1212 1994 1239 2031 3,
1262 1996 1277 2024 1
1298 1998 1358 2025 Hic
1379 2006 1397 2025 a
1413 1999 1514 2026 minis-

207 2034 270 2061 tris.
290 2049 324 2053 —
347 2032 373 2068 5,
396 2031 411 2059 1
433 2032 540 2060 dedita.

680 2152 740 2184 168.
769 2151 812 2183 De
831 2152 942 2183 saneta
960 2152 1048 2184 Afra.

209 2223 241 2256 1.
269 2221 403 2263 Christe,
430 2222 515 2253 salus
542 2221 748 2262 credentium,

267 2268 371 2301 Unica
395 2277 467 2308 spes
493 2269 710 2310 moerentium,

268 2316 418 2348 Peccanti
441 2316 678 2357 poenitentiam,

265 2363 318 2397 Da
340 2363 516 2404 poenitenti
539 2365 675 2399 veniam.

886 2225 918 2256 2.
945 2222 1062 2257 Sancta
1083 2225 1175 2257 nobis
1198 2226 1259 2258 hoc
1283 2226 1392 2259 obtine

946 2270 1038 2310 Afra,
1065 2280 1145 2311 quae
1170 2273 1232 2305 scis
1257 2274 1386 2315 optime,

949 2317 1023 2357 Quis
1049 2320 1150 2359 possit
1174 2320 1259 2353 hunc
1282 2321 1437 2366 invenire,

948 2366 1007 2405 Qui
1032 2374 1091 2407 per
1115 2377 1150 2400 se
1176 2369 1263 2408 cupit
1287 2371 1405 2408 perire.
