1653 2637
651 155 886 191 253„-

105 251 137 283 3.
164 246 302 283 Coenam
327 250 400 282 volo
425 259 630 290 praeparare,

168 297 283 330 Omnes
309 306 400 338 reges
421 299 570 336 invitare,

166 344 377 385 Babyloniam
399 346 561 378 civitatem

166 393 242 425 Cum
267 393 332 425 suis
360 394 581 433 exterminare,

212 439 361 473 Reddam
385 441 635 474 retributionem.

106 499 138 529 4.
166 494 291 530 Deinde
316 499 384 529 nati
409 501 483 531 sunt
506 499 591 530 tauri

166 544 295 585 Magnis
321 545 470 578 cornibus
496 546 622 586 armati,

164 591 402 625 Destruxerunt.
425 593 640 633 Hierusalem,

166 638 243 672 Cum
269 649 327 672 sua
350 643 453 673 matre
477 641 657 683 lactentem,

211 687 358 719 Reddam
384 687 634 721 retributionem

792 254 822 285 5.

848 249 935 293 Ergo
961 260 1030 284 eam
1053 252 1144 285 vobis
1169 254 1305 298 tradam,

848 300 964 333 Manus
989 303 1112 333 vestras
1139 299 1336 341 confortabo,

850 347 1014 380 Destruite
1037 348 1249 388 Hierusalem,

851 395 966 427 Pereat
991 396 1058 435 ejus
1084 396 1245 435 memoria,

896 443 1043 475 Reddam
1067 442 1319 478 retributionem.

815 525 822 531 .
853 496 1021 534 Faciamus
1045 500 1131 531 hunc
1155 509 1341 539 sermonem,

851 546 972 579 Dicunt
995 556 1103 579 omnes
1128 547 1171 580 ad
1194 549 1342 588 invicem,

849 594 918 626 Nec
941 594 975 626 in
997 595 1048 627 ira
1068 604 1127 627 nos
1153 595 1320 636 disperdat

848 642 985 682 Propter
1010 651 1101 674 unam
1129 644 1349 686 meretricem3

896 689 1043 722 Reddam
1069 691 1319 724 letributionem.

183 751 253 780 cod.
276 751 369 789 Capit.
390 753 534 780 Veimonen
564 750 609 781 90.
638 761 714 780 saec.
736 752 761 781 9.
790 767 828 772 -
860 752 888 788 1,
916 751 934 782 3
963 754 1068 783 Gladio
1099 758 1128 782 ct
1149 757 1256 792 agnito.
1285 772 1322 776 —
1352 755 1377 791 1
1399 756 1418 785 4

105 798 121 817 o
140 798 193 817 vos
214 762 336 818 tollitep
333 805 370 810 --
390 787 454 824 3,1
476 791 582 819 Coena.
597 805 633 809 —
655 789 681 825 3,
702 789 720 819 3
740 791 918 820 Babillonia.
932 806 971 812 —-
990 791 1017 826 4,
1038 791 1058 819 4
1076 796 1169 821 matre
1188 794 1355 822 laetantem.
1379 811 1412 815 -—

104 827 168 862 5,1
191 837 264 856 eum.
284 842 324 847 —
344 827 370 861 5,
391 826 409 856 2
428 834 600 866 vestrasque
620 812 832 857 confortabant
853 846 889 850 -—
911 829 941 864 6,
962 829 980 859 3
1000 832 1033 858 in
1053 835 1183 868 erganzt:
1211 832 1257 859 ira
1275 841 1336 860 non.
1355 834 1413 861 dis-

102 866 235 903 perdam3
258 866 327 894 oder
346 867 391 895 Ne
411 868 442 894 in
462 868 507 895 ira
526 866 573 902 (ne
592 868 697 900 iratus)
716 876 768 896 vos
789 868 974 904 disperdam?

540 961 586 991 78.
615 960 660 991 De
678 959 828 991 Extremo
849 959 979 991 Jndicio.

108 1026 138 1058 1.
165 1023 418 1066 Adpropinquat
441 1024 513 1057 finis
540 1026 648 1064 saecli,

163 1072 373 1105 Declinantur
398 1074 553 1112 tempora,

162 1119 391 1152 Turbabuntur
415 1129 522 1151 omnes
548 1123 657 1160 gentes

163 1168 250 1199 Ante
277 1170 480 1206 conspectum
505 1166 644 1206 Domini,

164 1214 262 1247 Santo
287 1216 425 1246 trement
449 1216 482 1246 in
504 1215 626 1254 judicio

164 1261 215 1294 De
239 1262 407 1302 majestate
431 1262 571 1295 Domini.

105 1322 137 1353 2.
164 1316 360 1353 Benedictus
385 1319 479 1352 Jesus
504 1319 660 1359 Christus,

160 1367 222 1405 Qui
244 1365 307 1398 fuit
330 1369 405 1399 ante
429 1367 565 1407 saecula,

161 1414 269 1446 Mater
290 1414 379 1454 virgo
403 1414 509 1453 ipsum
533 1414 676 1454 portavit

162 1461 292 1494 Pondus
318 1462 439 1493 nullum
463 1462 611 1505 sentiens,

161 1510 224 1542 Per
247 1518 353 1541 aurem
382 1509 512 1550 virginis
538 1509 691 1551 introivit,

159 1556 239 1589 Exit
262 1566 321 1597 per
344 1560 454 1597 portas
480 1565 603 1598 aureas,

160 1604 385 1645 Virginitatem
412 1614 475 1637 non
502 1605 643 1645 corrupit

162 1653 346 1684 Portantem
370 1652 432 1684 Dei
455 1651 566 1685 filium.

791 1028 820 1059 3.

789 1320 821 1352 4.

850 1023 1131 1066 congregabuntur
1155 1034 1263 1058 omnes
1286 1030 1396 1067 gentes

847 1074 933 1104 Ante
958 1077 1161 1113 conspectum
1185 1074 1323 1116 Domini,

850 1119 905 1151 Sol
928 1122 959 1150 et
983 1120 1059 1153 luna
1084 1122 1333 1162 exstinguentur,

849 1167 988 1199 Redient
1011 1168 1053 1199 ad
1076 1168 1295 1212 ministerium,

848 1214 956 1246 Sancti
981 1213 1104 1255 fulgent
1128 1216 1161 1247 in
1183 1217 1305 1255 judicio

848 1262 932 1294 Ante
959 1267 1161 1303 conspectum
1186 1263 1324 1297 Domini.

849 1317 927 1352 Dies
951 1319 1009 1351 illa
1034 1319 1096 1351 erit
1119 1329 1234 1360 magna

848 1366 945 1405 Quasi
969 1367 1057 1398 mille
1083 1368 1169 1408 anni,

847 1413 912 1446 Ubi
938 1414 1065 1446 venient
1088 1415 1195 1447 hostes
1220 1417 1344 1456 antiqui

847 1462 965 1494 Parata
989 1462 1031 1493 ad
1052 1463 1184 1502 proelia,

846 1508 1019 1548 Rugientes
1044 1509 1126 1542 sicut
1150 1511 1256 1541 leones

846 1556 899 1588 Ad
927 1557 1126 1589 devorandas
1152 1557 1284 1597 animas,

848 1604 933 1643 Quae
957 1613 1017 1643 per
1043 1613 1149 1636 eorum
1174 1604 1395 1638 blandimenta

847 1651 967 1684 Eorum
992 1656 1126 1692 egerunt
1148 1662 1257 1693 opera.

177 1716 247 1745 Cod.
268 1717 363 1753 Capit.
376 1718 522 1745 Veronen.
543 1715 580 1745 88
598 1715 658 1749 (83)
693 1726 752 1745 aec.
774 1715 818 1745 10.
840 1716 904 1745 add.
926 1725 1001 1745 saec.
1026 1716 1070 1746 10.
1092 1733 1130 1737 —-
1149 1716 1176 1752 2,
1197 1716 1215 1745 f>
1235 1718 1415 1748 Potestatem

99 1757 164 1784 Dei.
186 1770 223 1774 —
243 1753 269 1789 3,
290 1754 310 1783 4
328 1756 414 1783 Lies:
437 1756 474 1783 ad
497 1757 668 1783 interitum?

534 1838 579 1870 79.
610 1838 653 1870 De
674 1839 823 1870 Extremo
846 1838 976 1870 Judicio.

102 1908 131 1940 1.
160 1906 282 1946 Quique
309 1906 349 1938 de
373 1908 476 1938 morte
502 1905 661 1945 redempti

157 1954 203 1986 Et
226 1963 286 1994 per
312 1962 438 1986 crucem
463 1954 605 1994 liberati,

157 2002 304 2035 Pretioso
331 2003 508 2043 comparati

158 2050 318 2091 Sanguine
340 2049 400 2083 filii
425 2050 497 2093 Dei,

158 2098 289 2131 Sursum
318 2098 416 2131 corda
439 2101 634 2139 praeparate

155 2147 201 2179 Et
225 2146 332 2179 Jesum
363 2146 553 2179 desiderate.

98 2205 129 2239 2.
156 2205 250 2238 Diem
274 2205 365 2237 illum
388 2203 570 2244 formidate,

158 2252 291 2292 Quando
314 2253 467 2286 mundum
484 2253 633 2294 judicare

158 2301 313 2342 Christus,
339 2302 517 2342 imperator
541 2301 631 2341 coeli,

159 2349 292 2382 Venerit
315 2347 442 2392 fulgens
466 2350 587 2382 virtute

154 2397 201 2430 Et
223 2398 256 2430 in
281 2407 397 2439 magna
421 2398 568 2430 claritate

155 2445 301 2486 Regnum
327 2447 447 2479 sanctis
469 2455 678 2487 praeparare.

791 1907 822 1939 3.
851 1905 926 1938 Cum
952 1908 1063 1946 aperta
1091 1907 1171 1938 coeli
1196 1915 1271 1939 arce

850 1953 1030 1994 Fulgurans
1057 1954 1096 1986 ab
1123 1955 1245 1987 oriente

847 2001 935 2033 Luce
959 2003 1066 2034 vultus
1092 2004 1170 2036 Jesu
1194 2003 1315 2036 Clu-isti

848 2049 1031 2090 Apparebit
1055 2051 1193 2083 mundus
1219 2053 1332 2093 omniS,

847 2098 980 2131 Obviam
1006 2098 1160 2130 volabunt
1183 2100 1286 2131 sancti

848 2147 933 2178 Ante
960 2147 1047 2186 pium
1073 2147 1319 2188 redemptorem,

850 2203 928 2236 Cum
953 2206 1067 2244 aperta
1093 2205 1173 2237 coeli
1198 2209 1286 2237 astra

846 2252 958 2292 Usque
982 2252 1025 2285 ad
1050 2253 1202 2285 terminos
1227 2256 1334 2287 terrae

849 2300 1002 2340 Coeperit
1024 2301 1104 2333 tuba
1130 2309 1244 2333 canere

849 2347 959 2381 Sancti
984 2349 1166 2390 archangeli
1192 2349 1265 2390 Dei,

848 2396 934 2428 Voce
958 2405 1073 2438 magna
1097 2398 1298 2437 proclamare

846 2444 891 2476 Et
916 2445 1033 2477 electos
1059 2454 1262 2486 congregare.
