1653 2637
682 148 717 154 ——
773 128 924 164 129—

510 246 513 249 ·
570 238 648 276 215.
678 240 722 272 De
742 241 852 272 sancta
872 235 1024 272 Barbara.

673 317 722 348 Ad
740 317 932 349 Noctiunum.

153 398 185 431 1.
212 397 283 430 Hae
305 398 339 430 in
363 398 443 430 hora
467 398 623 430 matutina
838 399 870 430 3.
895 397 1027 429 Manum
1052 397 1131 437 spei,
1157 405 1198 428 ne
1222 405 1400 437 mergamur

210 446 328 479 Rorem
353 446 533 486 splendoris
558 444 654 478 influe
894 445 938 477 Et
963 454 1033 477 cum
1056 445 1119 476 reis
1145 453 1315 485 arguamur

210 493 254 526 Et
277 494 310 525 in
336 496 438 525 morte
461 503 529 533 nos,
554 494 676 535 regina,
898 492 1009 525 Coram
1028 498 1170 532 superno
1193 492 1311 535 judice,

209 542 307 573 Veste
331 541 499 581 praeclara
521 541 628 573 indue.
898 540 964 579 Quo
990 549 1040 571 res
1066 540 1245 580 produntur
1267 539 1384 574 indice.

154 611 190 644 2.
217 613 243 642 A
268 609 376 649 palato
403 608 456 648 qui
483 608 626 648 stillavit,
838 607 869 640 4.
896 606 969 639 Tibi
997 607 1102 647 decus,
1130 606 1206 639 Jesu
1235 607 1326 649 bone,

212 656 312 689 Primi
336 659 457 688 reatum
483 656 614 696 corrige,
897 654 1095 688 Laborantes
1121 655 1174 694 qui
1199 663 1332 686 coronae

212 704 270 742 Qui
294 704 327 735 in
352 706 460 743 patres
486 703 696 746 redundavit3
900 701 986 734 Coeli
1012 702 1143 734 decoras
1167 702 1278 734 bravio

210 751 297 783 Rosa
321 759 499 791 regnorum,
525 751 653 791 porrige
898 749 1013 781 Mundi
1039 752 1202 782 currentes
1225 750 1338 783 stadio.

227 836 311 863 Brev.
342 842 395 863 ms.
422 835 488 863 Ord.
514 833 690 863 Theutonici
723 836 792 862 anni
826 833 907 862 1461.
954 835 1023 862 God.
1054 835 1139 862 Arch.
1165 835 1234 863 Ord.
1259 834 1462 863 vindobonen.

155 871 218 901 185.
238 873 273 900 A.
301 887 337 892 —
364 874 447 901 BreV.
468 882 520 901 ms.
543 873 685 901 Diesense
705 881 773 900 saec
806 871 850 900 15.
893 872 962 900 cod.
981 870 1134 900 Monacen.
1155 871 1238 900 5694.
1259 872 1293 899 B.
1321 887 1356 891 —
1376 872 1462 901 Brev.

153 920 205 940 ms.
233 912 439 948 Aquilegiense
471 918 545 939 saec.
572 909 618 940 15.
666 911 734 939 Cod.
765 910 874 938 Semin.
899 911 1027 938 Brixien.
1059 919 1084 938 s.
1111 920 1139 938 n.
1167 911 1197 938 G.
1232 925 1268 929 —
1295 911 1381 939 Brev.
1407 920 1460 938 ms.

154 949 434 986 Claustroburgense
460 948 541 977 1199.
570 958 644 977 saec.
668 947 711 977 14.
732 949 770 977 D.
795 963 832 967 —
852 949 960 984 Hymn.
980 958 1032 976 ms.
1051 957 1119 977 cum
1139 950 1299 977 commento
1321 955 1395 981 saec.
1418 947 1462 977 15.

153 988 222 1016 Cod.
245 988 464 1016 Wratislavien.
488 988 533 1016 IV
556 988 581 1021 Q,
601 985 647 1015 81.
667 987 701 1016 Ε.
729 1003 768 1007 -
787 988 871 1015 Brev.
893 995 948 1014 see.
969 987 1100 1015 notulam
1122 989 1152 1015 et
1170 988 1258 1015 ritum
1279 987 1462 1015 dominorum

151 1026 399 1053 Theutonicorum
420 1027 489 1062 imp.
512 1024 594 1054 1500.
618 1025 650 1053 1³.
670 1041 707 1044 —
729 1024 754 1059 1,
775 1023 913 1053 2Rorem
934 1025 1006 1052 lueis
1026 1025 1116 1053 influe
1134 1025 1170 1053 E.
1190 1040 1229 1043 —
1250 1024 1275 1060 1,
1297 1022 1314 1053 3
1330 1025 1371 1052 Et
1389 1025 1463 1053 fehlt

147 1063 184 1091 E.
209 1078 247 1082 —-
276 1061 307 1097 1,
340 1062 361 1091 4
383 1064 464 1091 Tuae
490 1066 523 1091 in
546 1065 628 1091 festis
653 1064 753 1092 imbue
776 1063 812 1090 E.
841 1077 877 1081 —
903 1061 932 1097 2,
962 1062 976 1091 1
1005 1063 1082 1099 quod
1108 1063 1234 1091 stillavit
1258 1063 1398 1091 ABCDE.
1426 1080 1461 1083 —

148 1099 180 1136 2,
211 1099 229 1129 3
251 1102 335 1135 Quod
354 1103 386 1129 in
404 1101 552 1137 ABCDE3
580 1103 612 1129 in
631 1104 729 1138 partes
750 1102 786 1129 D.
807 1117 845 1121 —
864 1099 895 1136 2,
922 1100 942 1129 4
961 1101 1054 1129 Rosas
1076 1101 1111 1137 C;
1140 1103 1253 1138 corrige
1272 1102 1309 1129 D.
1331 1116 1368 1122 —
1388 1099 1419 1136 3,
1441 1100 1458 1128 2

146 1139 192 1167 Tu
217 1139 342 1175 supplex
368 1148 420 1167 ora
451 1139 538 1167 hodie
558 1140 594 1167 D.
615 1155 653 1159 —
674 1137 704 1173 3,
730 1137 748 1167 3
768 1139 813 1167 Ne
833 1148 898 1167 cum
917 1140 976 1167 reis
997 1148 1152 1176 arguamur
1172 1140 1208 1167 D.
1229 1155 1265 1159 —
1284 1137 1315 1175 3,
1343 1137 1364 1167 4
1381 1139 1459 1168 Nam

148 1186 193 1205 res
213 1177 327 1213 ABOF3
348 1186 394 1205 res
414 1177 571 1214 prudenter
592 1177 655 1211 AC;
677 1177 782 1206 Coram
803 1186 929 1213 superno
945 1177 1045 1212 judice
1064 1178 1100 1205 D.

582 1335 642 1389 316.
673 1335 716 1367 De
737 1336 847 1367 sancta
866 1335 1019 1370 Barbara.

412 1427 443 1460 1.
469 1426 597 1458 Festum
624 1434 707 1457 nunc
734 1424 859 1466 celebre
884 1424 1015 1465 virginis
1040 1424 1171 1456 inclitae

470 1473 602 1506 Devotis
626 1473 783 1505 mentibus
810 1475 842 1504 et
866 1472 927 1512 piis
952 1471 1074 1505 actibus

469 1520 623 1554 Convenit
645 1530 792 1561 promere
817 1519 933 1552 festivo
959 1523 1102 1560 tempore

515 1569 682 1602 Coelorum
707 1569 775 1610 regi
799 1568 946 1601 Domino.

409 1637 440 1668 2.
466 1636 654 1668 Fenestram
678 1635 801 1674 statuit,
828 1634 930 1666 Deum
956 1643 1017 1674 qua
1043 1634 1150 1676 coluit,

470 1682 622 1722 Captivae
651 1681 787 1714 famulus
813 1682 943 1722 virginis
970 1682 1099 1722 angelus

471 1729 520 1761 De
545 1730 623 1761 coeli
650 1730 784 1761 culmine
808 1729 941 1761 advenit
963 1729 1082 1760 lumine

517 1775 707 1809 Reformans
732 1784 867 1815 poenam
891 1776 1016 1816 gaudio.

413 1844 443 1878 3.
472 1842 634 1875 Mamillas
658 1842 775 1874 nobilis
802 1842 942 1881 castique
966 1841 1108 1880 corporis

472 1890 623 1923 Abscidit
646 1890 746 1929 impia
769 1898 845 1929 gens
871 1889 990 1928 absque
1012 1889 1105 1920 venia

472 1938 662 1978 Nudamque
685 1937 838 1978 reddidit,
866 1945 959 1976 quam
983 1937 1069 1968 Deus
1096 1935 1241 1968 condidit

521 1986 684 2027 Supernae
709 1985 792 2017 stola
818 1984 946 2025 gloriae.

410 2057 441 2089 4.
469 2054 555 2087 Hinc
578 2056 672 2094 pater
695 2051 795 2085 filiam
820 2051 928 2092 rapuit
949 2049 1134 2094 Barbaram‚

468 2103 629 2135 Truncato
657 2101 762 2142 capite
783 2101 949 2141 quassatus
975 2097 1108 2130 fulmine

471 2151 567 2184 Pater
587 2151 655 2191 jam
679 2149 787 2192 periit,
814 2151 845 2180 et
869 2148 959 2188 virgo
985 2147 1067 2180 adiit

515 2199 658 2232 Felicem
683 2198 786 2230 sinum
811 2196 971 2229 Abrahae.

413 2269 443 2302 5.
471 2267 616 2310 Oramus,
643 2265 789 2305 Domine,
816 2263 964 2295 conditor
987 2263 1108 2302 inclite,

469 2316 516 2349 Ut
538 2324 596 2347 nos
625 2323 695 2346 cum
719 2312 843 2353 virgine
868 2311 960 2343 simul
987 2313 1018 2342 et
1043 2313 1183 2351 martyre

473 2363 619 2396 Barbara
643 2361 777 2404 gloriam
800 2360 896 2392 ducas
922 2360 963 2391 ad
990 2359 1141 2392 coelicam

520 2411 649 2444 Peccati
675 2410 755 2451 data„
774 2407 877 2450 venia.

214 2473 339 2498 mens,
356 2470 444 2500 Hymni
456 2470 554 2493 Inediti.
583 2469 615 2494 11.
633 2454 638 2457 Δ
1278 2460 1295 2489 9
