1653 2637
746 138 980 176 .-85..ἡ

359 233 414 268 13.
440 233 535 267 Nunc
564 234 662 276 igitur
685 237 786 269 nostri
813 237 993 269 constrictis
1018 235 1164 269 faucibus
1187 234 1289 269 hostis

481 282 582 323 Eripe
607 293 664 316 nos
689 285 800 317 mortis
827 285 951 317 casibus
978 287 1010 316 et
1033 284 1155 325 laqueis

434 329 480 361 Et
508 339 565 362 nos
591 332 737 364 assiduas
762 332 821 365 tibi
848 333 962 365 dantes
988 333 1137 365 cordibus
1163 332 1240 364 odas

482 376 586 410 Causa
609 379 656 410 tui
682 380 787 411 meriti
812 381 906 412 sistas
931 381 965 412 in
991 389 1065 412 arce
1087 379 1163 420 poli.

357 464 412 496 14.
438 463 592 504 Adriane,
619 464 681 496 Dei
705 465 797 497 miles
821 464 995 497 fortissime
1019 464 1140 507 summi,

480 510 582 542 Nobis
606 520 692 544 nunc
716 511 844 544 famulis
871 513 1026 544 auxiliare
1050 513 1124 551 tuis,

429 557 485 591 Nil
509 558 556 589 sic
579 560 782 599 perspicuum
805 561 925 599 poterit
949 569 1012 592 vox
1037 561 1124 592 clara
1148 557 1284 602 referre,

479 606 525 639 Ut
550 606 642 638 decet
665 607 699 638 in
724 608 781 639 tali
804 617 888 639 nunc
911 609 1014 647 patris
1040 607 1202 647 obsequio.

354 690 409 723 15.
435 690 499 722 Hic
522 690 582 722 tibi
605 692 768 731 perpetuis
793 695 944 724 resonant
969 691 1173 724 concentibus
1198 692 1304 732 aedes,

476 737 608 770 Ossibus
635 741 667 769 et
690 739 791 770 sacris
816 748 943 779 semper
967 740 1104 771 habetur
1128 739 1239 779 honor,

428 784 506 817 Gum
530 785 608 817 laeti
634 784 745 817 famuli
773 787 936 819 celebrant
960 787 1013 819 hic
1037 786 1121 819 festa
1145 786 1274 827 benigni

472 833 638 865 Laudibus
663 834 820 866 instantes
845 837 940 866 nocte
966 835 1080 875 dieque
1104 834 1177 867 tuis.

348 918 403 952 16.
429 917 541 958 Dirige
568 918 666 950 corda
689 919 761 958 pius
788 922 820 950 et
843 921 988 959 tempora
1013 919 1116 959 dirige
1139 922 1250 951 nostra

476 966 584 1005 Atque
610 966 678 998 dies
702 967 804 998 laetos
831 967 948 998 ducere
974 967 1016 999 da
1040 965 1186 1004 famulos,

425 1012 471 1045 Ut
493 1022 619 1053 semper
643 1014 772 1045 valeant
796 1014 922 1045 tibimet
946 1017 1075 1046 cantare
1100 1013 1209 1054 quieti,

478 1060 525 1092 Te
549 1070 673 1100 quoque
698 1061 827 1093 coelesti
852 1070 983 1093 cernere
1009 1062 1089 1093 duce
1112 1061 1189 1101 poli.

353 1146 408 1180 17.
435 1145 596 1187 Urbanus,
623 1146 790 1186 Damasus,
819 1146 991 1187 Gregorius
1016 1146 1276 1187 Ambrosiusque,

475 1193 629 1234 Hilarius,
654 1194 749 1235 Zeno,
775 1195 935 1226 Maximus
959 1198 1055 1235 atque
1079 1194 1156 1234 Leo,

427 1240 597 1281 Martinus,
632 1241 795 1284 Proculus,
824 1241 990 1274 Caesarius
1015 1242 1235 1282 Eusebiusque

476 1288 576 1321 Orent
598 1298 658 1329 pro
683 1290 801 1321 nostris
828 1290 1012 1322 criminibus
1037 1291 1145 1323 variis

351 1375 406 1409 18.
434 1374 521 1407 Ordo
548 1373 765 1406 confessorum
788 1377 932 1407 sacratus
956 1375 1199 1415 praecipuorum

474 1422 604 1454 Auxilio
628 1424 713 1454 tutos
739 1423 879 1463 undique
903 1423 1005 1455 redde
1029 1425 1101 1455 tuos

423 1469 531 1510 Atque
555 1472 610 1502 tua
633 1472 757 1502 nosmet
779 1479 877 1510 prece
902 1470 1091 1502 dimittendo
1116 1472 1222 1503 reatus

474 1517 540 1549 Nos
564 1516 695 1558 fragiles
721 1518 830 1550 mundi
857 1518 1001 1550 cladibus
1027 1518 1211 1558 omnigenis,

348 1605 403 1639 19.
429 1604 548 1636 Paulus
575 1605 607 1635 et
629 1601 799 1644 Antonius,
825 1604 989 1636 Macarius
1012 1603 1240 1644 Arseniusque,

473 1651 672 1691 Pachomius,
696 1651 797 1691 Beda,
821 1652 943 1694 Attala,
970 1651 1180 1694 Paphnutius,

424 1699 630 1739 Bertulphus,
652 1698 847 1739 Libertinus,
875 1700 1012 1732 Basilius
1038 1703 1133 1740 atque

471 1747 685 1786 Hieronymus
712 1747 824 1779 doctor
846 1756 904 1779 nos
929 1748 1111 1779 miserando
1133 1747 1256 1786 juvent.

347 1835 404 1869 20.
430 1832 559 1866 Summe
582 1831 645 1864 Dei
670 1833 782 1871 cultor,
805 1833 1032 1865 monachorum
1057 1835 1164 1865 rector
1189 1835 1219 1864 et
1245 1832 1354 1872 abbas,

474 1881 499 1913 O
526 1880 702 1912 Benedicte
726 1889 817 1912 sacer
840 1883 935 1920 atque
960 1881 1095 1921 benigne
1118 1883 1222 1920 pater,

423 1929 516 1963 Istud
543 1928 730 1962 coenobium
755 1933 941 1968 coetumque
965 1928 1024 1960 tibi
1049 1927 1258 1961 famulantum

469 1976 653 2017 Nostraque
678 1975 880 2008 sanctificans
906 1980 1019 2008 cuncta
1043 1979 1133 2008 tuere
1157 1976 1261 2011 simul,

349 2060 405 2094 21.
431 2058 564 2092 Maurus
591 2060 623 2090 et
646 2058 827 2098 Othmarus,
851 2058 988 2098 Simeon,
1017 2058 1192 2097 Gallusque
1217 2058 1371 2091 Columba

467 2106 513 2139 Et
533 2106 670 2147 simplex
696 2107 813 2139 Paulus
839 2106 1051 2147 Hilarionque
1076 2106 1181 2147 simul,

421 2155 571 2189 Solentur
594 2154 756 2195 precibus,
784 2154 888 2187 vitare
913 2163 1063 2195 queamus
1088 2157 1126 2186 ut
1149 2154 1249 2187 hostis

467 2203 681 2243 Praestigium
708 2203 792 2235 cauti
817 2203 1054 2243 versutiamque
1078 2202 1156 2243 lupi.

343 2287 398 2319 22.
423 2284 448 2318 O
476 2285 594 2317 dilecte
616 2283 680 2316 Dei
705 2283 836 2316 radians
861 2283 980 2315 virtute
1005 2292 1146 2326 corusca,

469 2332 585 2365 Sancte
608 2332 762 2364 Anselme
785 2334 888 2371 pater,
912 2331 1011 2372 junge
1034 2339 1147 2372 preces
1173 2331 1305 2371 pariter,

419 2381 589 2414 Intercede
613 2380 686 2420 pius
710 2380 837 2412 veniam
861 2380 1023 2419 poscendo
1048 2379 1181 2412 misellis

468 2429 619 2469 Aureque
641 2429 708 2468 jam
733 2428 853 2461 blanda
878 2428 1018 2460 carmina
1043 2427 1235 2468 percipiens,
