1653 2637
720 129 884 165 —275
946 150 978 154 —

459 226 492 258 9.
520 225 662 259 Gloriam
689 227 816 260 Christo
845 227 1007 267 supplices
1032 236 1181 260 canamus

518 274 582 306 Ore
607 275 771 318 prostrati,
799 275 897 307 corde
921 274 1124 318 supplicanti,

518 321 578 360 Qui
602 323 780 362 maiestatis
806 331 932 363 semper
955 326 1044 354 tenet
1067 331 1173 355 arcem

567 369 685 402 Trinus
712 373 743 402 et
766 379 857 403 unus.

268 433 355 461 Brev.
386 442 439 462 ms.
472 434 514 462 Hi
536 437 709 471 poregiense
734 437 803 464 anni
833 433 914 463 1488.
959 435 1029 463 Cod.
1060 435 1154 472 Capit.
1180 434 1391 471 Hipporegien.
1419 432 1446 462 9.
1473 447 1509 451 —

192 468 219 505 5,
241 469 259 497 2
281 474 378 500 tenue.
399 487 433 492 —
459 471 484 507 6,
507 444 615 501 &Litas
637 474 678 502 Ut
698 472 807 502 eorda?
830 488 864 492 —
886 473 912 508 7,
933 472 950 502 3
971 475 1039 502 Lies
1062 477 1094 501 ut
1113 474 1192 500 tuis?

617 564 685 596 486.
715 565 758 596 De
779 565 885 595 sancto
906 564 1097 596 ‘theodin-do.

736 631 786 662 Ad
806 631 962 670 Vesperas.

196 699 227 733 1.
256 699 406 732 Gaudeat
429 701 522 739 prole
547 700 663 740 Gallia,
885 702 918 735 4.
944 702 997 734 Sic
1019 711 1078 741 pro
1102 701 1206 741 gregis
1231 700 1385 741 regimine

254 747 410 779 Laetetur
434 751 528 786 patre
552 747 662 788 Legia‚
946 748 1008 780 Suo
1033 747 1183 788 perfusus
1206 749 1359 788 sanguine

254 794 364 825 Sancti
388 798 543 834 provecta
567 796 691 827 meritis
943 796 1059 827 Aulam
1085 795 1212 827 scandit
1235 795 1276 826 ad
1302 796 1435 827 arduam

252 841 439 874 Theodardi
464 842 627 876 antistitis.
946 843 1035 876 Coeli
1059 844 1130 874 luce
1155 842 1369 881 conspicuam.

194 900 229 931 2.
257 899 320 931 Hic
345 899 457 931 doctor
481 907 579 931 verae
602 898 689 943 fidei,
889 901 919 932 5.
944 899 1059 931 Pastor
1084 906 1160 931 oves
1185 898 1363 937 considera,

253 947 443 979 Aemulator
467 946 546 987 legis
572 946 644 990 Dei,
945 947 1062 978 Tecum
1089 946 1211 986 perduc
1235 945 1277 977 ad
1302 945 1420 988 sidera,

254 993 454 1026 Illuminavit
478 995 616 1033 patriam
944 994 991 1027 Ut
1015 994 1198 1034 angelorum
1223 992 1306 1032 legio

253 1041 431 1074 Destruens
458 1041 653 1074 idolatriam.
944 1041 1064 1073 Nostro
1090 1041 1133 1072 sit
1156 1040 1190 1071 in
1216 1040 1358 1079 collegio,

195 1100 226 1132 3.
255 1098 333 1131 Cum
357 1098 521 1130 ministros
546 1099 707 1138 nequitiae
886 1099 917 1131 6.
944 1097 1017 1129 Hoc
1040 1097 1131 1129 nobis
1156 1099 1298 1135 praestet
1324 1096 1437 1137 deitas,

255 1146 466 1178 Praedicator
491 1146 645 1177 ecclesiae
944 1146 982 1177 In
1009 1145 1130 1176 unitate
1154 1143 1291 1181 trinitas,

255 1193 436 1225 Salubriter
459 1193 636 1235 redarguit,
944 1193 1042 1232 Quam
1067 1191 1296 1224 Theordardus
1322 1190 1421 1223 coluit

254 1241 387 1273 Fraude
411 1249 522 1273 caesus
547 1241 706 1275 occubuit.
945 1240 1048 1272 Deum
1071 1247 1169 1271 unum
1194 1241 1227 1269 et
1252 1238 1372 1270 docuit.

272 1308 357 1335 BreV.
384 1316 437 1335 ms.
464 1307 637 1342 Tungrense
662 1315 737 1334 saec.
765 1304 809 1334 15.
860 1306 931 1334 eod.
961 1305 1070 1333 Semin.
1097 1304 1236 1332 Leodien.
1262 1302 1279 1331 6
1305 1303 1338 1330 M
1363 1301 1390 1330 2.
1417 1303 1453 1330 A.
1479 1316 1517 1320 ——

193 1346 472 1412 giss-APQ‘HQSE
497 1346 567 1381 imp.
599 1345 724 1372 Lovanii
753 1341 835 1372 1498.
860 1344 894 1371 B.
920 1358 957 1363 —
982 1342 1016 1377 4,
1047 1341 1065 1370 2
1091 1342 1228 1379 profusus
1253 1342 1288 1368 A.
1314 1357 1351 1360 fi
1378 1340 1404 1376 6,
1436 1339 1454 1368 2
1481 1340 1518 1367 In

617 1467 684 1498 487.
715 1467 758 1498 De
778 1465 886 1496 sancto
906 1464 1095 1496 Theodardo.

758 1533 806 1563 Ad
825 1532 952 1563 Laudes,

429 1606 461 1638 1.
486 1605 591 1637 Aulae
614 1604 760 1644 paradisi
786 1603 951 1634 laudemus
978 1603 1148 1641 dominum,

485 1652 628 1684 Felicem
654 1651 846 1692 praesulem,
873 1653 1016 1682 sanctum
1041 1649 1279 1681 Theodardum.

428 1710 459 1742 2.
487 1709 537 1740 De
560 1709 662 1748 stirpe
686 1707 786 1739 nobili
809 1707 1010 1739 Francorum
1036 1707 1151 1744 edituS,

489 1756 602 1788 Gratia
632 1754 761 1787 refulsit
787 1754 895 1786 divina
919 1754 1094 1793 praeditus,

428 1816 459 1847 3.
487 1813 687 1853 Tongrorum
712 1813 848 1850 adeptus
875 1811 998 1842 culmen
1019 1810 1234 1851 praesulatus,

488 1860 594 1893 Sacris
620 1859 792 1892 virtutibus
817 1857 909 1890 fulsit
929 1858 1151 1890 Theodardus.

427 1920 461 1951 4.
488 1918 659 1957 Nunquam
685 1917 844 1948 resolutus
868 1913 930 1946 fuit
954 1915 997 1946 ad
1021 1915 1131 1955 otium,

491 1966 635 2006 Quinque
656 1965 850 1997 talentorum
875 1963 1011 2002 implens
1037 1961 1207 2002 negotium.

430 2027 462 2058 5.
491 2025 554 2056 Pro
582 2021 768 2055 defensione
791 2029 899 2052 rerum
925 2020 1080 2052 ecclesiae

488 2072 526 2104 In
551 2071 634 2104 silva
658 2072 843 2111 peremptus
870 2071 919 2100 est
937 2068 1110 2100 Elizaciae.

429 2131 461 2163 6.
488 2130 565 2163 Pius
591 2128 631 2161 ab
655 2128 762 2169 impiis
788 2126 909 2158 occisus
934 2126 1081 2166 nequiter

485 2178 599 2218 Regna
624 2176 775 2209 coelestia
799 2174 928 2206 scandit
952 2173 1101 2206 feliciter.

428 2237 459 2270 7.
488 2235 536 2268 Sit
560 2235 630 2267 laus
653 2232 803 2275 trinitati,
834 2231 951 2264 unitati
976 2231 1082 2263 trinae

486 2284 599 2316 Honor
625 2286 657 2314 et
680 2283 823 2322 potesats
849 2288 933 2311 nunc
959 2281 991 2311 et
1014 2279 1084 2310 sine
1108 2275 1181 2310 fine.

272 2352 359 2380 Brev.
390 2361 443 2380 ms.
471 2351 644 2386 Tungrense
670 2357 746 2376 saec.
777 2345 821 2374 15.
868 2345 938 2374 God.
964 2345 1074 2373 Semin.
1100 2343 1240 2372 Leodien.
1267 2340 1285 2369 6
1312 2341 1345 2369 Μ
1370 2338 1396 2367 2.
1422 2341 1457 2367 A.

195 2393 280 2421 Brev.
305 2391 471 2418 Leodiense
497 2390 568 2424 imp.
597 2388 726 2416 Lovanii
753 2382 836 2415 1498.
858 2385 891 2412 Β.
917 2399 949 2403 -
978 2382 1010 2417 4,
1040 2381 1054 2410 1
1075 2382 1211 2411 Nondum
1239 2380 1388 2409 resolutus
1416 2379 1451 2406 A.
1480 2393 1512 2397 —

195 2431 223 2466 7,
246 2429 261 2459 1
283 2429 330 2459 Sit
348 2430 405 2459 tibi
427 2429 502 2456 laus„
523 2441 560 2445 —
581 2426 608 2462 7,
630 2424 648 2454 2
667 2434 746 2454 nunc
766 2427 796 2453 et
814 2431 929 2460 semper
949 2423 1014 2450 sine
1032 2422 1067 2449 A.
1289 2464 1346 2496 13⁴<
