1653 2637
678 153 718 158 -
768 134 813 170 35
864 155 901 161 ᾔ

594 228 643 260 48.
676 228 720 260 De
740 227 849 260 Sancto
870 227 1000 270 Spiritu.

704 296 753 327 Ad
772 296 897 327 Nonam.

141 367 172 399 1.
199 366 224 399 O
251 365 378 397 trinitas
401 365 583 408 laudabilis,
829 368 860 399 2.
886 365 1036 399 111umina
1060 373 1114 397 cor
1138 366 1308 405 hominum,

200 413 280 446 Esto
305 413 396 445 nobis
420 413 598 453 placabiliS,
885 413 1045 455 Absterge
1069 413 1181 445 sordes
1205 413 1366 457 mentium,

204 461 242 493 In
268 461 413 493 omnibus
439 460 611 494 laudabilis
885 460 1024 494 Resolve
1050 461 1161 500 culpae
1185 460 1355 503 vinculum,

201 508 395 549 scutumque
415 508 450 540 in
471 509 633 549 periculis.
885 508 1007 542 Everte
1029 508 1129 540 moles
1156 508 1331 541 criminum.

561 567 592 599 3.
618 565 711 598 Istud
737 566 884 610 concede,
911 565 1051 599 trinitas.

217 632 297 661 Orat.
318 641 371 660 ms.
393 639 470 659 saec.
492 630 535 659 15.
576 630 645 659 Cod.
666 631 836 669 Sangallen.
856 629 921 660 482.
941 648 978 652 —
1000 630 1024 667 1,
1045 630 1063 660 3
1082 631 1160 659 wohl
1179 631 1392 660 verschrieben.
1413 646 1452 650 —

138 668 166 704 2,
189 668 205 698 1
225 669 368 698 Elumina
386 669 476 697 corda
492 670 549 698 Hs.

586 761 635 793 49.
675 762 719 794 De
740 761 849 794 Sancto
870 760 998 803 Spiritu.

642 830 690 860 Ad
710 830 947 868 completorium.

141 900 173 933 1.
199 900 246 932 Te
272 899 490 943 deprecamur,
517 899 654 939 trinitas,
833 902 864 933 2.
891 899 991 932 Artus
1017 900 1136 931 solutos
1161 907 1271 931 recrea

196 948 283 979 Ante
313 948 454 979 noctium
478 948 637 987 tenebras,
890 946 1078 987 Mentesque
1104 945 1204 979 fessas
1226 946 1339 990 alleva,

198 995 244 1028 Ut
267 995 320 1035 pie
344 995 435 1027 nobis
461 995 605 1026 remittas
890 993 1026 1026 Noctem
1049 994 1189 1035 quietam
1215 993 1306 1026 nobis
1332 995 1374 1027 da

199 1042 312 1075 Omnia
342 1043 427 1075 mala
453 1045 484 1074 et
509 1043 629 1082 culpas,
892 1041 1127 1081 Nobiscumque
1144 1042 1186 1074 sit
1210 1050 1274 1082 pax
1298 1044 1362 1075 tua.

547 1101 577 1133 3.
605 1099 696 1132 Istud
723 1099 868 1138 concede,
894 1099 1032 1132 trinitas.

216 1165 297 1193 Orat.
318 1173 374 1193 ms.
395 1173 472 1193 saec.
494 1162 539 1192 15.
571 1163 639 1192 Cod.
655 1163 823 1200 Sangallen.
842 1162 908 1192 482.
929 1178 965 1182 —
981 1162 1007 1199 1,
1029 1162 1045 1192 1
1066 1164 1109 1192 Te
1122 1164 1218 1192 Deum
1231 1172 1383 1201 precamur
1396 1164 1451 1193 Hs.

627 1256 676 1288 50.
712 1256 747 1288 In
768 1255 957 1287 Pentecoste.

637 1324 685 1354 Ad
706 1323 942 1362 Gompletorium.

139 1394 170 1427 1.
197 1393 286 1426 Anni
310 1393 449 1434 peractis
474 1392 635 1425 mensibus
829 1395 861 1428 3.
889 1393 942 1426 Sic
965 1400 1101 1433 namque
1125 1391 1210 1425 filius
1235 1392 1297 1425 Dei

198 1443 302 1475 Tanta
326 1443 495 1473 recurrunt
518 1441 644 1482 gaudia,
886 1441 1052 1480 Apostolis
1078 1441 1304 1481 spoponderat,

195 1488 349 1528 Votisque
376 1489 495 1521 dudum
521 1489 659 1521 credulis
887 1488 995 1522 Celsos
1021 1487 1155 1528 petisset
1181 1497 1248 1520 cum
1274 1489 1375 1531 polos,

196 1537 330 1577 Optatus
356 1537 487 1569 advenit
514 1537 591 1569 dies.
884 1535 1058 1569 Missurum
1082 1538 1226 1568 sanctum
1251 1537 1407 1576 spiritum,

134 1596 166 1627 2.
193 1596 233 1628 In
257 1603 317 1634 quo
343 1594 475 1634 spiritus
500 1593 629 1627 Domini
826 1596 858 1628 4.
884 1593 976 1634 Quod
1001 1595 1049 1625 est
1072 1592 1242 1633 probatum
1266 1595 1401 1628 testibus

194 1643 313 1674 Terras
337 1642 476 1682 replevit
499 1641 634 1683 gaudiiS,
886 1642 1113 1681 Apostolorum
1136 1641 1278 1681 vocibus,

197 1689 355 1723 Coelestia
380 1689 536 1723 adventus
562 1690 611 1722 sui
887 1690 965 1723 Cum
990 1689 1056 1721 sint
1081 1689 1216 1721 diversis
1245 1689 1353 1722 oribus

196 1737 319 1770 Mundo
346 1738 520 1770 decurrunt
543 1737 672 1771 lumina.
884 1737 991 1770 Variis
1015 1737 1115 1769 locuti
1139 1737 1297 1778 gentibus

535 1796 566 1828 5.
593 1794 696 1826 Tanto
722 1794 881 1834 redempti
904 1802 1034 1826 munere

589 1841 697 1874 Patris
722 1850 761 1875 ao
782 1843 851 1874 nati
875 1841 1007 1882 spiritus

590 1888 687 1930 Juges
713 1899 842 1932 agamus
867 1889 987 1931 gratias

588 1937 658 1970 Deo
683 1938 817 1978 perenni
843 1937 980 1970 saeculo.

207 1996 292 2023 Brev.
314 2004 367 2023 ms.
389 1994 654 2024 Halberstadiense
674 2003 749 2022 saec.
772 1992 816 2022 15.
853 1994 921 2022 Cod.
936 1993 1175 2030 Wernigeroden.
1193 1994 1242 2021 Za.
1263 1991 1309 2020 42.
1330 2010 1367 2013 —
1383 1992 1408 2029 1,
1429 1991 1447 2021 3

132 2033 254 2062 credula
273 2033 328 2061 Hs.
354 2048 390 2053 —
419 2030 451 2069 3,
481 2031 495 2061 1
516 2034 559 2062 Te
583 2041 711 2070 namque
729 2033 784 2062 Hs.
816 2049 837 2052 —
874 2031 907 2067 5,
933 2030 951 2060 3
970 2033 1079 2069 Ingens
1107 2040 1228 2068 agamus
1248 2032 1302 2060 Hs.
1324 2047 1360 2052 —-
1379 2032 1448 2068 Vgl.

130 2072 317 2110 Stephenson
338 2070 383 2100 95.

517 2164 558 2196 51.
589 2163 625 2195 In
644 2164 734 2196 Festo
758 2163 902 2204 Corporis
923 2162 1049 2195 Christi.

675 2223 722 2254 Ad
743 2223 899 2261 vesperas.

128 2295 158 2329 1.
184 2294 239 2328 Ad
265 2303 397 2327 coenam
421 2295 495 2336 agni
519 2294 650 2335 providi
816 2296 848 2328 2.
877 2294 972 2334 Cujus
996 2303 1110 2335 corpus
1136 2295 1373 2328 sanctissimum

181 2343 229 2376 Et
252 2343 343 2376 stolis
369 2343 451 2376 albis
477 2343 608 2376 candidi
874 2343 914 2375 111
939 2352 996 2375 ara
1023 2342 1125 2375 crucis
1148 2343 1319 2385 torridum,

182 2393 261 2425 Post
283 2392 453 2425 transitum
478 2392 576 2424 maris
599 2391 690 2424 rubri
879 2390 997 2423 Cruore
1023 2392 1090 2432 ejus
1114 2400 1207 2424 roseo

184 2440 311 2474 Christo
338 2449 486 2474 canamus
511 2440 662 2481 principi.
877 2438 1043 2473 Gustando
1067 2439 1202 2474 vivimus
1227 2439 1307 2473 Deo.

1232 2493 1273 2525 3*
