1653 2637
703 115 936 152 —77—

555 217 586 249 7.
612 216 680 249 Nos
703 218 775 249 'tuos
799 215 890 248 salva
912 213 1057 254 famulos,

612 264 746 305 Christe,
772 266 864 296 natus
890 262 930 294 de
955 262 1087 303 virgine,

610 312 670 351 Qui
693 312 747 351 pia
771 310 854 343 festa
879 310 1009 342 colimus

610 359 728 392 Matris
752 361 827 391 'mae
851 357 1078 391 sanctissimae.

242 425 327 452 Brev.
353 424 533 453 Patavianse
561 426 632 462 imp.
658 426 792 453 Venetus
821 423 903 454 1508.
933 438 972 443 -
997 423 1057 450 Die
1081 421 1188 450 beiden
1211 421 1307 448 ersten
1333 417 1478 454 Strophen

166 461 274 490 Daniel
293 462 317 497 Ι,
339 459 403 490 259.

614 546 669 579 118.
702 546 747 578 De
766 546 863 577 beata
884 545 984 577 Maria
1006 545 1041 576 V.

170 607 200 640 1.
226 607 306 649 Ave,
334 606 473 646 gloriosa
853 608 885 640 4.
911 607 991 647 Ave,
1017 605 1146 638 radiosa

228 654 346 693 Stirpis
371 655 464 687 Jesse
487 662 569 695 rosa,
912 654 1013 686 Stella
1036 652 1201 692 matutina,

229 701 359 734 Ocelum
384 701 487 733 stillat
509 709 624 742 rorem,
912 701 989 741 Nos,
1014 700 1196 740 imperiosa,

228 749 326 789 Virgo
352 748 439 788 paris
463 747 585 781 florem.
913 748 1028 781 Servos
1054 757 1073 779 a
1096 747 1199 781 ruina.

197 832 203 840 .
230 806 311 846 Ave,
337 806 479 846 pretiosa
855 808 884 839 5.
910 807 990 846 Ave,
1016 814 1072 838 vas
1099 804 1233 843 decoris,

227 854 326 886 Flore
351 862 486 886 vernans
509 862 594 895 rosa,
911 853 1061 886 Rutilans
1086 860 1210 892 aurora,

228 901 357 934 Jericho
384 901 529 941 plantata
912 901 984 940 EJa,
1011 900 1100 933 stilla
1124 900 1215 939 roris,

229 949 274 982 Et
298 949 373 982 Sion
398 949 534 982 firmata.
914 948 1039 980 siccum
1064 957 1119 980 cor
1142 947 1256 979 irrora.

198 1033 205 1040 .
231 1006 310 1046 Ave,
335 1005 446 1038 mundi
471 1006 568 1048 sidus,
856 1008 886 1040 6.
912 1006 993 1045 Ave,
1018 1006 1106 1037 vitae
1127 1005 1190 1045 via,

236 1054 325 1087 Coeli
348 1054 527 1096 paradisus,
913 1053 981 1085 Nos
1005 1054 1120 1091 solare,
1146 1053 1211 1092 pia,

232 1101 329 1141 Virgo
354 1099 426 1133 fons
451 1102 624 1144 hortorum,
914 1100 998 1133 Nato
1024 1100 1168 1140 concilia,

230 1149 316 1182 Laus
341 1151 373 1180 et
397 1158 470 1189 spes
495 1158 631 1183 reorum.
918 1148 1030 1180 Dulcis
1056 1157 1074 1180 0
1098 1147 1215 1180 Maria.

616 1207 646 1239 7.
673 1209 754 1248 Ave,
780 1206 928 1248 gratiosa,

674 1253 756 1286 Veni
781 1254 850 1286 sine
874 1263 973 1298 mora,

675 1302 700 1335 Ο
727 1310 796 1333 cum
821 1301 900 1334 flore
924 1311 1007 1342 rosa,

676 1352 758 1382 Asta
782 1350 894 1381 mortis
917 1349 1007 1383 hora.

248 1415 328 1443 Orat.
349 1423 402 1442 ms.
424 1413 628 1452 Augustamun
647 1423 723 1443 saeo-
745 1413 789 1443 15.
829 1415 902 1444 clm.
922 1416 1075 1443 Monaeen.
1096 1412 1180 1443 3702.

623 1497 676 1530 119.
707 1498 749 1530 Do
770 1499 864 1530 beata
884 1497 984 1529 Maria
1002 1497 1038 1529 V.

728 1557 765 1586 In
784 1556 922 1588 sabbato.

198 1643 205 1650 .
230 1616 346 1658 Maria,
373 1618 475 1649 mater
499 1617 639 1652 Domini,
857 1619 890 1651 3.
913 1617 1029 1657 Maria,
1056 1617 1145 1658 virgo
1169 1616 1339 1657 virginum,

231 1664 366 1697 Aeterni
391 1665 493 1706 patris
517 1664 586 1705 filii,
915 1665 1061 1705 Deposce
1085 1663 1178 1697 nobis
1203 1663 1341 1695 omnium

230 1710 296 1744 Fer
321 1721 414 1752 opem
437 1713 529 1745 nobis
555 1712 699 1746 omnibus
915 1713 1145 1746 Remissionem
1176 1711 1343 1744 criminum

230 1761 285 1792 Ad
308 1763 341 1791 te
365 1759 629 1801 confugientibus.
914 1760 1018 1792 Tuum
1041 1760 1202 1801 placando
1225 1758 1336 1792 filium.

197 1844 204 1850 .
230 1817 280 1849 De
305 1817 374 1849 Deo
400 1825 475 1849 vero
501 1819 639 1857 genitum
857 1820 889 1851 4.
916 1817 1028 1850 Gloria
1052 1817 1122 1858 tibi,
1148 1817 1293 1857 Domine,

229 1865 277 1897 Tu
302 1865 439 1906 genuisti
459 1864 569 1908 filium,
919 1865 1029 1898 Gloria
1052 1865 1214 1906 unigenito

230 1913 290 1952 Qui
314 1922 377 1945 non
401 1913 501 1946 habet
524 1913 659 1953 initium,
916 1914 992 1947 Una
1017 1922 1086 1945 cum
1112 1916 1221 1946 sancto
1247 1912 1362 1953 spiritu

227 1961 279 1994 Ex
304 1964 336 1994 te
361 1962 498 2001 sumpsit
523 1962 700 1995 exordium.
916 1962 954 1994 In
978 1961 1174 2002 sempiterna
1198 1961 1336 1993 saecula.

245 2027 317 2055 Olm.
338 2027 492 2056 Monacen.
519 2026 568 2063 (ol.
589 2026 814 2063 Emmeramen.)
841 2026 947 2056 14926.
969 2037 1044 2057 saec.
1068 2026 1112 2056 15.
1134 2041 1168 2047 ·—
1193 2026 1250 2056 Str.
1275 2025 1289 2056 1
1311 2026 1370 2055 und
1392 2025 1409 2054 2
1429 2026 1488 2063 vgl.

170 2066 258 2094 Anal.
279 2066 330 2100 IV,
351 2063 399 2094 47.

615 2151 678 2183 120.
708 2151 753 2183 Do
775 2152 869 2183 beata
889 2151 990 2183 Maria
1007 2151 1043 2182 V.

733 2210 768 2240 In
797 2209 936 2241 Sabbato.

170 2270 200 2304 1.
231 2269 354 2311 Gaude,
385 2270 473 2311 origo
500 2270 619 2314 gaudii,
868 2273 898 2304 2.
926 2271 979 2304 Da
1004 2271 1094 2304 nobis
1120 2271 1188 2313 spei
1215 2270 1341 2311 gaudia,

227 2318 336 2350 Mater
369 2320 493 2351 aeterni
517 2317 587 2359 filii,
927 2319 980 2352 Da
1006 2320 1124 2352 amoris
1149 2320 1298 2361 suspiria,

228 2366 334 2406 Perqu
347 2365 630 2410 amohristus‚flos
641 2367 806 2407 montium,
929 2367 989 2411 Da,
1015 2372 1049 2400 ut
1074 2377 1132 2400 nos
1158 2376 1247 2400 amor
1273 2367 1418 2400 vulneret

227 2413 304 2446 Flos
342 2418 389 2447 est
415 2414 519 2448 faetus
546 2416 749 2451 convallium.
929 2415 973 2449 Et
996 2416 1192 2451 vulnerando
1218 2415 1367 2456 suspiret.
