1653 2637
764 165 1023 199 —228—

503 262 536 293 4.
563 260 623 299 Qui
647 261 724 292 licet
749 258 819 292 fuso
844 260 974 292 minime
998 269 1110 293 cruore

562 308 655 340 Sorte
679 310 868 348 praereptus
894 306 994 339 fuerit
1016 317 1174 350 suprema,

559 356 711 387 Attamen
736 354 819 386 votis
844 354 996 386 retinebit
1018 355 1114 387 istum

608 402 715 434 Morte
740 402 901 435 honorem.

500 460 532 491 5.
560 459 657 497 Quem
682 458 721 490 ab
746 458 888 490 adstanti
913 457 1007 489 modo
1033 458 1093 490 hac
1116 462 1245 491 caterva

560 506 681 538 Cuncta
703 514 871 545 poscamus
899 513 1063 536 removere
1090 506 1161 538 dira

559 553 604 585 Et
628 553 743 584 bonum
769 561 896 592 semper
923 552 1000 584 dare
1026 556 1255 592 consequenter

605 600 705 633 Omne
725 608 785 640 per
810 608 933 632 aevum.

499 658 531 689 6.
559 657 625 696 Quo
650 656 742 688 malis
770 656 892 688 cunctis
917 656 1030 696 procul
1056 655 1200 696 effugatis

557 704 600 736 Et
626 703 716 735 bonis
740 704 809 743 jugi
831 712 928 743 prece
954 703 1131 735 consecutis

559 752 692 791 Semper
716 751 749 782 in
775 751 893 784 sanctis
917 751 1095 783 recinamus
1122 751 1189 790 ejus

607 798 873 838 omnipotentem.

500 857 532 888 7.
558 855 702 888 Gloriam
727 855 812 894 patri
838 855 931 886 simul
957 857 1052 895 atque
1074 856 1160 893 nato,

559 902 702 935 Gloriam
731 903 814 934 almo
840 902 969 942 spiritui
993 902 1137 942 perenni,

559 949 702 982 Gloriam
725 950 844 981 sanctis
869 950 964 981 simul
988 949 1145 981 universis

605 997 680 1029 Rite
706 999 865 1031 canentes,

313 1062 395 1089 Brev.
424 1071 476 1089 ms.
499 1062 528 1090 S.
550 1062 681 1098 Ludgeri
702 1062 913 1090 Helmstatlien.
944 1070 1019 1089 saec.
1043 1059 1085 1089 14.
1128 1061 1198 1089 Cocl.
1221 1061 1477 1097 Guelfenbyteran.
1497 1059 1554 1090 433

236 1098 285 1134 (H.
307 1096 373 1134 398)
395 1100 430 1127 A.
451 1114 488 1118 —
511 1101 620 1135 Hymn.
640 1109 694 1127 ms.
717 1100 745 1128 S.
766 1100 896 1136 Ludgeri
916 1100 1130 1128 Helmstadien.
1152 1108 1227 1127 saec.
1247 1097 1291 1126 14.
1327 1099 1396 1127 God.
1420 1099 1554 1128 Guelfen-

234 1138 366 1173 hyteran.
396 1136 468 1165 1455
495 1136 544 1170 (H.
567 1135 653 1173 1341)
673 1139 706 1166 Β.
733 1152 770 1157 —
795 1136 830 1174 4,
854 1136 874 1165 4
904 1139 1018 1173 Martyr
1037 1137 1077 1172 A;
1111 1138 1251 1165 honorem
1271 1138 1345 1165 fehlt
1363 1138 1397 1165 A.
1419 1152 1455 1157 —
1475 1136 1509 1172 5,
1539 1136 1554 1165 1

236 1176 323 1203 Nune
343 1176 494 1203 abstastan
513 1176 548 1203 A.
568 1190 605 1194 —
627 1174 654 1211 6,
675 1174 693 1202 2
713 1185 799 1212 prece
820 1178 849 1203 et
868 1185 988 1204 securus
1001 1176 1036 1202 A.
1059 1190 1094 1194 —
1116 1174 1141 1210 6,
1166 1174 1184 1204 3
1203 1176 1250 1204 bis
1271 1175 1297 1210 7,
1318 1174 1336 1204 3
1356 1176 1455 1203 fehlen
1469 1176 1502 1203 A.
1516 1192 1554 1196 —-

237 1213 262 1248 7,
285 1211 302 1241 3
323 1215 433 1241 sanctis
455 1214 530 1241 fehlt
548 1214 587 1249 133
613 1213 733 1249 Semper
752 1215 784 1241 in
804 1215 915 1242 sanetis
934 1215 969 1241 A.

663 1315 728 1347 401.
758 1316 801 1347 De
824 1316 935 1347 saneta
957 1315 1126 1347 Ludmilla.

787 1383 836 1413 Ad
855 1383 985 1414 Laudes.

238 1450 270 1483 1.
296 1450 422 1482 Laudes
447 1453 575 1490 promat
599 1452 733 1483 ecelesia
923 1453 953 1486 3.
979 1453 1139 1494 Fraglans
1165 1453 1245 1485 odor
1272 1454 1312 1485 de
1336 1455 1456 1486 tumulo

297 1497 374 1529 Cum
397 1498 566 1537 multiplici
589 1499 715 1539 gaudio,
981 1501 1059 1534 Cum
1087 1501 1240 1533 virtutum
1264 1500 1445 1542 frequentia

296 1544 379 1575 Nam
403 1545 482 1576 haec
506 1547 617 1576 sancta
641 1546 793 1578 solemnia
980 1549 1047 1580 Dat
1074 1549 1108 1580 in
1131 1548 1313 1581 Ludmillae
1337 1551 1456 1590 populo

297 1591 384 1622 Deus
409 1591 552 1623 illustrat
574 1593 677 1626 radio.
981 1594 1166 1627 sanctitatis
1191 1597 1322 1630 indicia.

240 1649 273 1681 2.
300 1648 359 1686 Qui
383 1650 457 1687 post
480 1657 587 1680 sacras
612 1650 777 1689 exsequias
922 1652 955 1683 4.
981 1651 1031 1683 De
1058 1653 1154 1685 coelis
1179 1654 1350 1686 luminaria

296 1695 362 1727 Dat
386 1695 566 1727 Ludmillae
589 1697 700 1728 matris
724 1700 806 1736 piae,
981 1700 1137 1732 Tumbam
1163 1702 1304 1741 septenis
1330 1702 1453 1734 vicibus

296 1742 342 1775 Ut
367 1743 408 1774 ad
434 1743 501 1782 ejus
526 1743 677 1782 reliquias
979 1747 1160 1780 Visitarunt
1185 1750 1335 1782 ardentia

296 1789 415 1821 Fluant
439 1790 573 1821 virtutes
596 1791 713 1824 variae.
979 1794 1191 1836 Fragrantem
1218 1799 1318 1830 sacris
1347 1798 1480 1830 ossibus.

581 1848 611 1879 5.
638 1847 736 1880 Trino
761 1849 830 1881 Deo
856 1852 887 1881 et
912 1851 1051 1891 simplici

637 1894 732 1934 Laus,
763 1896 874 1935 honor,
898 1899 1010 1942 virtus,
1038 1900 1151 1943 gloria,

637 1941 719 1973 Nam
745 1945 879 1984 agminis
903 1946 970 1985 jam
996 1948 1107 1979 coelici

639 1988 766 2021 Gaudet
787 1991 952 2025 Ludmilla
975 1995 1090 2034 patria.

313 2051 397 2078 Brev.
419 2060 471 2079 ms.
492 2052 640 2088 Pragense
660 2062 735 2082 saee-
758 2054 801 2083 14.
843 2056 911 2085 God.
935 2059 1060 2096 Pragen.
1080 2061 1139 2089 VH
1159 2062 1185 2088 A
1207 2060 1251 2089 12.
1272 2063 1307 2090 A.
1330 2078 1367 2083 ——
1390 2065 1477 2092 Brev.
1499 2075 1553 2093 ms.

235 2090 384 2125 Pragense
404 2097 480 2117 saec.
497 2088 540 2117 15.
567 2091 628 2118 God
658 2092 754 2120 Palat.
774 2094 978 2124 Vindobonen.
1002 2096 1083 2126 1674.
1104 2100 1136 2127 Β.
1157 2101 1292 2127 —Brev.
1307 2101 1457 2138 Pragense
1480 2105 1552 2141 imp.

235 2127 451 2172 Nurembergae
474 2126 546 2155 1502
567 2128 597 2156 C.
618 2144 656 2149 —
676 2127 709 2165 3,
736 2129 751 2158 1
775 2132 917 2169 Flagrans
940 2135 970 2162 O.
990 2150 1027 2154 —
1047 2135 1067 2164 4
1079 2162 1085 2170 Ι
1105 2135 1125 2164 4
1145 2138 1304 2173 Flagrante
1326 2142 1437 2168 sanctis
1460 2142 1495 2170 A.
1515 2158 1554 2162 —

240 2164 266 2199 5,
287 2164 306 2192 4
326 2165 477 2193 Ludmilla
497 2166 607 2202 gaudet
627 2167 658 2195 Ο.

691 2269 760 2302 402.
791 2271 834 2303 De
855 2274 961 2305 sancto
982 2275 1102 2315 Magno.

553 2338 584 2371 1.
611 2338 697 2370 Deus
722 2340 873 2380 piissime,
900 2346 1002 2383 pater,
1033 2346 1175 2386 dignare,

607 2386 692 2417 Altis
718 2389 749 2419 te
774 2390 904 2421 vocibus
929 2392 966 2422 ut
990 2393 1217 2433 collaudemuS,

610 2432 647 2465 In
672 2436 800 2473 patroni
824 2437 899 2468 almi
922 2439 1050 2470 nomine
1073 2440 1194 2480 Magni.
