1653 2637
723 149 986 185 —271—

519 249 551 282 7.
580 247 691 280 Gloria
716 247 784 291 tibi,
811 247 957 288 Domine,

576 296 639 327 Per
665 304 756 336 quem
782 296 933 328 habemus
959 295 1165 335 Stephanum,

579 343 676 383 Cujus
705 344 766 375 tuti
791 344 963 375 munimine

578 390 696 423 Mortis
723 391 856 423 vitemus
883 391 1051 423 clibanum.

281 455 390 490 Hymn.
418 464 470 483 ms.
493 454 665 491 Campensis
690 458 761 483 anni
782 454 864 485 1462.
905 456 976 485 Cod.
999 457 1213 484 Darmstadien.
1235 453 1300 484 521.
1322 469 1358 474 —
1379 454 1412 488 2,
1440 453 1458 481 2
1478 455 1521 482 di-

199 494 265 520 vini
286 494 418 521 muneris
439 502 533 530 gegen
553 494 609 521 den
629 495 723 522 Reim.
747 511 781 515 —
801 492 827 527 3,
849 492 866 521 3
888 495 989 529 Quem.
1011 508 1047 512 —
1067 491 1093 526 3,
1115 493 1135 522 4
1158 496 1234 521 ritae
1255 494 1405 521 famulum.

585 586 655 618 480.
689 586 731 617 De
752 587 859 617 sancto
881 586 1038 626 Stephano
1060 593 1145 626 rege.

204 655 235 689 1.
264 654 387 694 Gaude,
413 659 517 688 mater
538 657 713 697 Hungaria,

263 703 368 735 Prolis
394 712 491 744 agens
516 704 720 743 praeconium

264 750 342 782 Cum
367 751 463 782 laude
487 750 663 782 multifaria

263 798 437 829 Patronum
464 798 561 830 lauda
584 798 760 837 proprium.

208 856 239 887 2.
265 854 329 886 Hic
354 854 413 886 tibi
438 863 534 886 verus
559 853 674 886 lucifer

265 901 387 934 Lumen
412 901 490 934 fidei
514 902 675 944 praebuit,

267 949 369 981 Datus
398 959 417 981 a
441 949 510 981 Deo
535 949 650 990 legifer

266 997 359 1028 Viam
384 997 497 1028 salutis
524 997 640 1030 docuit.

204 1056 235 1088 3.
262 1053 377 1086 Geisae
403 1054 476 1085 duci
503 1054 666 1093 decrepito

263 1101 383 1133 Divina
407 1100 442 1132 fit
467 1101 647 1142 promissio,

263 1148 307 1181 Et
331 1148 513 1188 Stephanus
538 1158 558 1181 a
581 1148 744 1188 Stephano

265 1197 404 1228 Vocatus
432 1198 481 1227 est
503 1196 537 1227 in
561 1198 662 1229 utero.

202 1255 236 1286 4.
266 1253 362 1292 CuJ'us
389 1255 476 1285 ortus
502 1253 702 1293 praedicitur

260 1299 353 1332 Patri
386 1301 515 1332 coelesti
541 1301 661 1338 nuntio,

262 1347 392 1389 Martyr
420 1348 462 1380 ad
487 1351 621 1380 matrem
647 1348 786 1381 mittitur

260 1395 433 1427 Nascentis
457 1396 618 1427 vaticinio.

204 1455 235 1487 5.
263 1452 347 1484 Nato
373 1452 492 1493 gaudet
517 1452 692 1493 Hungaria,

262 1500 441 1532 Damnatur
464 1500 626 1540 idolatria,

263 1548 418 1581 coelestis
446 1548 540 1580 datur
564 1547 676 1590 gloria,

260 1596 362 1628 Beata
387 1594 425 1627 fit
449 1595 611 1627 memoria.

906 659 937 690 6.
965 657 1048 689 Puer
1072 665 1217 688 crescens
1242 656 1447 696 progreditur

966 703 1054 735 Sicut
1080 704 1193 736 cedrus
1218 704 1252 736 in
1275 703 1409 743 Libano,

964 751 1167 783 Praedictum
1192 760 1306 783 nomen
1327 750 1449 782 inditur

965 798 1050 829 Hinc
1074 807 1093 829 a
1118 798 1211 830 beato
1238 798 1409 838 Stephano.

931 881 939 889 .
966 854 1078 895 Dignis
1105 856 1199 887 datur
1225 855 1406 887 doctoribus

967 902 1160 935 imbuendus
1185 903 1217 934 in
1243 903 1356 943 literis,

966 949 1079 982 Probis
1105 954 1236 982 ornatur
1261 949 1401 982 moribus

968 997 1032 1029 Sub
1059 998 1149 1029 annis
1173 997 1278 1029 adhuc
1302 1000 1429 1030 teneris,

934 1076 941 1083 .
969 1054 1165 1085 Adolescens
1190 1054 1395 1094 progreditur

968 1100 1103 1132 Verbum
1131 1101 1243 1133 salutis
1267 1109 1384 1140 serere,

967 1148 1052 1180 Gens
1077 1148 1231 1189 Hungara
1256 1148 1452 1180 convertitur

965 1195 1009 1227 Et
1032 1195 1214 1235 baptizatur
1236 1204 1383 1235 propere.

931 1280 937 1286 .
966 1253 1048 1284 Olim
1075 1253 1193 1285 erroris
1219 1253 1355 1292 populus

964 1300 1115 1332 Divinum
1140 1301 1246 1332 lumen
1273 1300 1439 1339 conspicit,

964 1348 1069 1380 Pulsis
1095 1348 1236 1379 tenebris
1262 1348 1391 1379 sedulus

965 1395 1006 1427 Se
1031 1394 1149 1426 Christi
1175 1396 1251 1435 jugo
1277 1395 1416 1434 subjicit.

894 1452 948 1486 10.
964 1452 1062 1483 Trino
1087 1451 1155 1484 Deo
1183 1455 1215 1483 et
1239 1452 1378 1491 simplici

964 1499 1014 1532 Sit
1040 1499 1118 1538 laus,
1147 1499 1248 1531 honor
1274 1502 1304 1530 et
1330 1499 1441 1539 gloria,

966 1546 1053 1585 Quae
1078 1546 1180 1578 sancti
1206 1547 1289 1587 regis
1316 1546 1455 1586 supplici

965 1594 1064 1625 Prece
1090 1595 1145 1627 det
1172 1594 1252 1626 cccli
1277 1594 1402 1634 gaudia.

279 1663 362 1690 Brev.
390 1661 580 1689 Paulinorum
613 1663 681 1698 imp.
709 1662 843 1689 Venetiis
872 1658 954 1688 1450.
988 1674 1024 1678 i
1059 1660 1118 1687 Der
1144 1660 1279 1695 Hymnus
1309 1661 1350 1687 ist
1375 1661 1441 1687 eine
1467 1660 1521 1687 Er-

200 1701 363 1766 ζὲἷὲῗηως
389 1708 447 1727 von
467 1700 553 1727 Anal.
581 1700 639 1733 IV,
671 1697 727 1728 238
758 1714 795 1718 --
817 1699 874 1727 Str.
896 1696 913 1726 3
939 1700 1050 1734 mittere
1069 1697 1192 1731 Zuthat,
1218 1699 1275 1725 wie
1294 1698 1345 1726 der
1365 1699 1450 1726 Reim
1470 1699 1521 1726 be-

682 1829 745 1861 481.
777 1828 821 1860 De
842 1829 949 1860 sancto
971 1829 1058 1866 Syro.

206 1903 234 1935 1.
262 1901 362 1941 Syrus
389 1900 528 1932 tonantis
555 1900 680 1932 unicum

268 1949 386 1981 Natum
414 1948 572 1981 revelavit
595 1948 656 1980 Dei

263 1997 362 2030 Sacro
389 1996 500 2028 beatus
526 1995 644 2028 famine

261 2046 300 2078 In
331 2044 412 2076 urbe
436 2044 665 2076 Ticinensium.

208 2106 241 2137 2.
269 2103 385 2135 Fultus
410 2102 544 2143 perenni
570 2110 702 2133 munere

263 2151 432 2192 Religione
456 2148 574 2192 floruit,

264 2200 384 2232 Orante
409 2208 470 2239 quo
496 2197 625 2229 functus
651 2196 736 2228 redit

264 2247 309 2279 Et
333 2247 444 2288 lingua
470 2245 558 2278 fatur
582 2245 724 2285 impotis.

204 2307 236 2338 3.
267 2304 376 2337 Caecis
403 2302 524 2336 refulso
551 2303 670 2335 lumine

263 2353 361 2385 Jussu
384 2350 508 2392 fugavit
534 2351 715 2391 daemones,

263 2400 433 2438 Languore
457 2399 583 2431 sublato
608 2399 740 2430 medens

263 2446 456 2481 Infirmitate
480 2447 612 2481 tabidis.

896 1900 928 1931 4.
956 1897 1081 1929 Primus
1107 1901 1200 1939 pater
1223 1898 1328 1938 plebis
1354 1907 1445 1930 sacer

958 1946 1154 1985 Principium
1180 1950 1212 1978 et
1237 1949 1344 1978 vatum
1370 1945 1441 1985 fuit,

957 1993 1138 2026 Juventium
1165 1993 1247 2027 fovit
1270 1994 1372 2026 virum

957 2042 1097 2079 Honore,
1125 2042 1248 2074 actibus
1273 2051 1394 2082 parem.

924 2127 930 2133 .
957 2099 1128 2132 Successor
1151 2099 1392 2140 aequalissimus

957 2148 1048 2179 Haec
1072 2147 1164 2189 signa
1187 2148 1341 2179 virtutum
1368 2148 1466 2191 dedit,

957 2195 1061 2229 Jussit
1084 2195 1190 2228 Ticini
1214 2194 1374 2238 fiuctibus,

957 2243 1036 2276 Mox
1062 2245 1148 2277 unda
1174 2253 1302 2275 censum
1330 2244 1465 2277 revehit.

926 2329 932 2335 .
960 2301 1071 2341 Pergit
1093 2301 1388 2334 Mediolanensibus

958 2350 1135 2389 Praecepta
1159 2350 1244 2382 vitae
1269 2349 1422 2389 pandere,

958 2396 1097 2429 Currunt
1120 2398 1275 2429 malorum
1303 2398 1473 2437 complices

956 2444 1108 2477 Sanctum
1131 2445 1193 2477 Dei
1217 2445 1386 2485 perimere.
