1653 2637
700 90 934 125 ..72—

430 188 460 219 3.
488 187 536 219 Tu
559 188 660 227 patris
685 188 798 219 summi
821 187 903 229 regis
929 188 1022 226 atque
1046 190 1183 227 sceptra,

488 234 578 266 Illius
606 236 722 267 celsum
747 234 861 267 solium
885 234 1073 274 gubernans,

489 283 567 315 Jure
592 285 624 314 tc
645 283 779 314 laudant
802 282 899 321 igitur
923 280 1018 320 beati,

584 329 701 362 Sancta
723 329 838 361 Maria.

431 389 462 420 4.
487 386 573 426 Ergo
599 394 744 425 supremo
770 384 886 417 frueris
912 384 1083 425 triumpho,

489 433 628 465 Trinitas
653 433 802 473 templum
828 432 887 464 tibi
914 432 969 464 dat
992 432 1175 474 secundum,

491 481 598 522 Omne,
626 480 709 520 quod
732 479 847 522 poscis,
872 482 966 520 pater
990 481 1085 519 atque
1111 480 1217 516 donat,

586 528 702 561 Sancta
725 526 841 560 Maria.

429 586 460 617 5.
488 583 591 616 Corde
616 585 669 623 qui
692 593 772 623 puro
797 587 852 615 tua
876 581 959 615 festa
983 585 1112 615 servant,

489 631 533 663 Et
555 634 628 664 tuos
652 639 778 672 semper
803 630 966 663 celebrant
988 631 1134 670 honores,

489 678 622 719 Regiam
645 681 720 719 post
741 679 825 711 hanc
850 679 976 718 capient
1001 687 1157 718 coronam,

583 726 699 759 Sancta
723 726 838 759 Maria.

432 785 463 818 6.
490 783 626 817 Coclites
653 783 757 816 cuncti
779 786 834 815 tua
858 784 1031 824 gratiarum

489 831 582 863 Dona
608 830 761 871 condigno
787 833 938 863 resonant
962 831 1081 863 honore

489 879 597 919 Teque
619 878 786 910 laudantes
809 878 949 919 jubilant,
971 877 1166 918 frequenter,

584 926 701 958 Sancta
726 926 841 960 Maria.

434 985 464 1017 7.
491 982 633 1015 Gloriam
657 985 802 1023 praestat
826 983 940 1014 chorus
966 982 1158 1022 angelorum,

492 1030 578 1069 Quae
603 1038 662 1070 per
685 1030 872 1062 immensum
898 1029 1058 1062 veneraris
1084 1038 1207 1068 aevum,

490 1078 562 1110 Sint,
583 1078 652 1109 Deo
676 1078 787 1110 laudes
809 1078 907 1117 igitur
931 1085 1091 1119 supremo,

585 1125 702 1157 Sancta
725 1124 840 1157 Maria.

246 1190 366 1226 Antiph.
388 1198 439 1217 ms.
457 1190 640 1217 Calcariense
660 1198 735 1217 saec.
758 1187 801 1216 16.
839 1188 906 1217 Cod.
921 1189 1009 1217 Arch.
1029 1189 1140 1217 Calcar.
1155 1188 1188 1215 A.
1212 1186 1256 1216 14.
1278 1204 1314 1209 -—
1328 1188 1413 1216 Mel.:
1435 1188 1478 1216 Ut

174 1232 282 1265 queant
300 1228 385 1256 laxis.
404 1242 440 1247 --
462 1226 487 1262 2,
511 1227 524 1255 1
546 1227 629 1256 Sicut
648 1228 750 1255 illucet
769 1228 824 1255 Hs.
847 1243 883 1248 —
904 1226 929 1262 7,
954 1225 968 1255 1
989 1230 1147 1263 praestant.

589 1319 643 1351 113.
673 1320 708 1351 In
728 1319 945 1359 Assumptione
964 1318 1052 1349 BMV.

344 1392 373 1423 1.
400 1390 562 1422 Laudibus
589 1390 709 1422 eximiis
735 1393 884 1422 resonent
907 1398 991 1421 nunc
1016 1398 1133 1428 organa
1159 1389 1254 1429 vooiS,

446 1437 537 1470 Orbis
562 1437 679 1477 ubique
703 1440 791 1469 tonet
814 1437 961 1469 laudibus
988 1436 1120 1470 eximiis.

343 1497 374 1527 2.
401 1494 571 1526 Festivitas
597 1494 731 1526 celebris
755 1493 835 1526 haec
859 1496 907 1526 est
931 1502 1026 1533 super
1050 1492 1178 1524 aethera
1201 1492 1331 1533 sanctis,

446 1539 593 1574 Coetibus
617 1541 768 1581 angelicis
792 1540 950 1573 festivitas
974 1540 1121 1574 celebris.

343 1601 373 1632 3.
400 1599 470 1631 Rex
492 1599 575 1639 pius,
600 1602 636 1630 ut,
662 1599 778 1638 decuit,
802 1601 935 1630 matrem
961 1605 1057 1638 super
1082 1600 1170 1629 astra
1194 1597 1314 1630 locavit

444 1646 489 1678 Et
512 1646 669 1678 dominam
695 1645 807 1678 statuit
830 1654 887 1678 rex
912 1646 995 1686 pius,
1020 1647 1055 1677 ut
1082 1644 1197 1677 decuit.

344 1706 374 1737 4.
402 1702 491 1736 Haec
517 1703 639 1735 domuit
662 1703 773 1735 vitium
794 1712 965 1743 pravorum
990 1703 1131 1743 germine
1157 1704 1286 1742 cretum,

446 1750 523 1783 Cum
545 1751 652 1792 genuit
675 1751 855 1791 Dominum,
880 1751 960 1782 haec
987 1750 1107 1783 domuit
1130 1750 1251 1783 vitium.

347 1811 377 1841 5.
403 1808 503 1849 Spina
526 1817 632 1840 rosam
655 1808 775 1849 genuit,
800 1817 876 1848 gens
902 1816 1018 1848 aspera
1041 1807 1150 1839 mollia
1172 1805 1269 1846 fudit,

447 1855 533 1894 Quae
556 1855 737 1887 miseranda
761 1856 836 1898 ruit,
863 1855 956 1895 spina
977 1864 1078 1887 rosam
1107 1855 1225 1895 genuit.

348 1914 378 1946 6.
405 1912 505 1944 Stella
528 1913 634 1944 Maria
656 1913 763 1953 maris,
790 1912 928 1953 genitrix
952 1921 1107 1952 pomposa
1131 1911 1280 1953 tonantis,

451 1960 500 1992 Sis
525 1960 579 1999 pia
603 1963 638 1991 tu
661 1960 795 2001 miseris,
822 1960 916 1992 stella
937 1959 1045 1991 Maria
1069 1960 1175 1993 maris,

347 2019 378 2050 7.
405 2016 545 2057 Corpore
568 2016 709 2057 virgineo
734 2016 869 2057 genuisti
894 2016 1010 2056 gaudia
1033 2016 1160 2054 mundo,

447 2063 541 2095 Nunc
565 2072 660 2103 super
681 2069 769 2096 astra
792 2072 923 2095 manens
948 2072 1080 2104 corpore
1105 2063 1259 2104 virgineo.

346 2122 378 2154 8.
403 2119 470 2152 Fae
494 2119 641 2160 precibus
665 2120 827 2159 placidum
852 2128 986 2160 semper,
1014 2120 1207 2159 beatissima,
1233 2122 1341 2152 natum

447 2167 491 2199 Et
516 2166 641 2199 famulis
664 2167 833 2200 Dominum
859 2166 912 2199 fac
935 2168 1084 2207 precibus
1108 2167 1281 2206 placidum.

349 2227 380 2258 9.
404 2225 465 2268 En,
493 2227 549 2256 tua
576 2223 659 2256 festa
682 2224 812 2265 micant,
838 2225 930 2266 plebs
954 2225 1094 2264 undique
1118 2227 1150 2256 te
1173 2233 1271 2265 prece
1294 2226 1411 2266 pulsat,

449 2272 501 2304 Da
523 2272 586 2304 sibi
613 2271 660 2304 nil
683 2275 815 2312 noceat-‚3
842 2280 891 2316 en,
916 2275 972 2304 tua
993 2270 1077 2304 festa
1100 2273 1229 2307 micant.

329 2330 383 2363 10.
409 2329 474 2370 Nil,
500 2329 559 2361 tibi
588 2329 671 2369 quod
699 2329 817 2373 deceat,
844 2330 980 2362 mundus
1005 2329 1092 2362 valet
1115 2332 1235 2361 asmate
1259 2328 1354 2370 ferre,

449 2377 542 2410 Mens
567 2377 726 2410 hominum
754 2378 874 2418 cogitat
896 2377 952 2417 nil,
978 2377 1038 2409 tibi
1063 2378 1148 2418 quod
1175 2378 1295 2412 deceat.
