1653 2637
749 150 1009 185 —150a—

590 247 621 280 9.
647 246 697 279 Sit
719 247 787 279 Deo
810 247 879 278 laus
905 249 936 277 et
959 246 1070 288 gloria,

649 294 708 332 Qui
732 294 865 326 mundos
890 303 907 324 a
932 293 1073 325 reatibus

646 341 712 372 Nos
737 343 810 381 post
831 340 911 371 haec
935 340 1122 372 transitoria

647 387 833 420 Sanctorum
852 388 967 427 J'ungat
991 388 1136 420 statibus.

302 451 421 486 Antiph.
452 459 504 478 ms.
531 453 707 480 Hamelense
738 460 813 480 saec.
843 450 886 479 15.
933 451 1001 479 Cod.
1028 452 1234 480 Hanuoveran.
1271 452 1287 479 I
1315 450 1369 479 101
1390 460 1409 479 a
1434 452 1468 479 A.
1495 467 1533 471 ——

227 488 311 515 Brev.
332 497 385 515 mS.
405 488 581 516 Hamelense
601 498 675 517 saec.
698 489 742 518 15.
784 489 853 517 Cod.
873 490 1080 517 Hannoveran.
1101 489 1116 516 1
1138 488 1190 517 101
1212 489 1230 517 b
1251 490 1284 516 B.

665 581 724 613 251.
755 579 798 611 De
818 581 928 612 saneta
948 580 1088 621 Brigida.

767 637 815 667 Ad
835 639 990 676 Vesperas.

228 696 258 729 1.
285 697 407 729 Ruinae
432 697 511 729 coeli
536 697 649 730 civium

282 744 430 776 Festinat
453 745 652 784 restauratio,

284 790 368 822 Dum
393 792 485 823 vocat
508 791 549 822 ad
578 792 753 824 convivium

280 836 403 869 Jesus
416 861 422 877 ‚
437 840 585 869 nostra
597 838 844 878 redemptio.

225 896 256 925 2.
284 893 360 926 Cum
385 894 558 934 gratiarum
585 896 676 935 eopia

280 941 383 973 Datur
407 941 441 973 in
466 941 570 972 eibum
596 943 721 982 caritas,

285 987 352 1025 Qua
373 988 467 1027 ,iustis
493 997 585 1020 sacra
609 990 715 1021 studia

280 1035 483 1067 Praestat
507 1035 631 1067 beata
654 1036 843 1067 trinitas.

224 1091 255 1122 3.
282 1091 389 1134 Orant,
416 1091 564 1123 laborant
585 1092 713 1132 jugiter²

280 1138 331 1169 Ad
358 1147 496 1169 summae
519 1139 608 1177 pacis
633 1138 765 1171 foedera

276 1184 447 1223 Scandunt,
469 1189 675 1226 praegustant
692 1186 840 1225 dulciter,

278 1231 640 1264 AeternaChristi
656 1243 746 1265 mun
757 1241 839 1267 era.

905 699 938 730 4.
964 697 1080 730 Sancta
1105 695 1212 728 ferunt
1235 698 1384 738 suspiria,

961 744 1128 786 Languent
1151 753 1258 776 amore
1282 746 1416 788 patriae,

962 792 1027 823 Dat
1050 793 1134 824 vires
1161 795 1272 823 eontra
1296 792 1376 823 vitia

960 839 1135 879 Magnae
1156 838 1267 870 Deus
1291 838 1527 878 potentiae.

904 898 935 928 5.
961 895 1123 927 Doctrinis
1149 896 1249 926 saeris
1275 899 1424 927 resonant

959 942 1003 973 Et
1027 942 1216 982 praedic-ant
1241 942 1399 980 coelestia,

963 989 1063 1021 Voces
1091 989 1215 1021 divinas
1237 989 1393 1029 intonant,

957 1036 1119 1068 Fantur
1145 1036 1221 1067 Dei
1246 1037 1470 1076 magnalia.

902 1092 933 1123 6.
958 1092 1061 1131 HuJus
1086 1092 1220 1132 Brigida
1249 1090 1358 1124 floruit

961 1138 1104 1171 Convivii
1129 1139 1299 1170 virtutibus

960 1185 1085 1218 Christo
1112 1186 1258 1226 conjungi
1282 1195 1346 1218 mei
1354 1187 1401 1218 uit

955 1232 1140 1264 Exsultet
1162 1233 1309 1264 eoelum
1327 1233 1525 1268 laudibus,

527 1291 556 1322 7.
583 1291 632 1322 Tu
656 1292 723 1322 esto
747 1292 890 1322 nostrum
914 1290 1063 1329 gaudium

586 1337 648 1368 Per
670 1337 823 1377 Brigidae
847 1336 1005 1378 suffragia,

587 1384 646 1422 Qui
671 1393 703 1415 es
728 1383 852 1415 futurus
877 1384 1052 1422 praemium

585 1428 665 1462 Per
691 1432 844 1462 cuneta
868 1439 1033 1470 semper
1058 1431 1242 1463 saecula.

295 1493 378 1520 Brev.
399 1502 452 1521 ms.
465 1494 684 1521 Paradhziaeum
705 1502 779 1522 saec.
800 1492 843 1521 15.
877 1494 946 1522 Cod.
959 1496 1150 1523 Laurentian.
1166 1498 1256 1523 Gonv.
1276 1505 1339 1532 sup.
1358 1495 1423 1525 549.
1437 1497 1472 1525 A.
1488 1513 1524 1517 -—

218 1530 310 1557 Psalt.
332 1540 384 1559 ms.
406 1530 434 1558 S.
448 1531 560 1559 Mariae
581 1532 617 1559 ad
631 1533 771 1560 Arborem
791 1540 865 1559 saec.
889 1530 931 1559 15.
966 1533 1034 1560 Cod.
1050 1534 1185 1561 Saneten.
1199 1534 1241 1560 Re
1265 1553 1270 1558 .
1291 1534 1369 1562 XVI.
1391 1533 1417 1562 2.
1432 1535 1466 1563 Β.
1486 1551 1524 1555 -

219 1568 310 1595 Psalt.
333 1578 385 1596 ms.
410 1568 666 1605 Cranenburgense
692 1578 765 1598 saec.
788 1568 832 1596 15.
873 1570 942 1598 God.
964 1571 1128 1599 Berolinen.
1147 1571 1211 1598 Fol.

1257 1569 1302 1599 31.
1325 1572 1356 1599 C.
1380 1589 1418 1593 —
1437 1574 1522 1601 Brev-

218 1614 271 1632 ms.
284 1607 449 1634 Lubieense
468 1615 542 1634 saec.
562 1605 604 1634 15.
640 1606 707 1635 God.
723 1608 862 1635 Lubieen.
884 1616 907 1634 s.
927 1616 955 1634 n.
977 1608 1013 1635 D.
1036 1623 1073 1627 —
1092 1608 1150 1636 Str.
1173 1607 1187 1636 1
1207 1618 1237 1636 u.
1257 1607 1276 1635 2
1299 1610 1472 1639 luckenhast
1484 1612 1522 1639 D.

650 1698 717 1729 252.
746 1697 790 1729 De
810 1699 921 1729 saneta
940 1698 1080 1739 Brigida.

750 1755 797 1785 Ad
816 1756 1004 1786 Nocturnum.

219 1815 249 1846 1.
276 1813 404 1854 Signum
425 1823 571 1854 magnum
597 1816 754 1855 apparuit,

275 1862 401 1893 Amicta
425 1862 491 1893 sole
516 1860 641 1905 femina,

275 1908 388 1950 Solem,
415 1917 475 1948 quo
499 1918 615 1948 sponsa
641 1910 767 1949 claruit,

275 1954 361 1987 Coeli
384 1959 558 1995 sequuntur
582 1957 717 1996 agmina.

217 2012 248 2043 2.
275 2011 356 2043 Nam
382 2012 540 2044 Christum
564 2013 662 2044 solem
684 2014 790 2045 induit

272 2058 334 2089 Per
358 2059 486 2098 pietatis
512 2068 616 2102 opera,

271 2105 364 2137 Mens
390 2106 476 2144 cujus
500 2115 581 2145 pura
605 2106 726 2145 placuit

270 2152 353 2184 Fide
377 2153 603 2185 transcendens
630 2154 746 2186 sidera.

213 2210 244 2241 3.
272 2208 385 2241 Calore
409 2209 484 2240 solis
508 2207 615 2240 floruit

270 2257 306 2288 In
340 2257 470 2296 spiritus
497 2257 664 2288 dulcedine

267 2303 312 2335 Et
335 2304 434 2335 radiis
458 2304 659 2344 resplenduit

269 2351 428 2383 Virtutum
452 2353 540 2382 stans
564 2351 596 2383 in
623 2352 769 2384 culmine.

897 1818 929 1850 4.
955 1817 1062 1856 Ipsam
1088 1816 1184 1849 decor
1208 1819 1335 1857 operuit

955 1864 1019 1895 Par
1043 1865 1119 1896 solis
1143 1865 1384 1907 pulchritudini,

954 1912 1016 1944 Per
1041 1920 1133 1951 quam
1160 1911 1303 1944 Christus
1329 1915 1454 1953 aperuit

952 1958 1076 1998 Dogma
1100 1958 1211 1990 salutis
1237 1960 1367 1995 homini.

896 2015 928 2045 5.
955 2015 1093 2047 Coelesti
1116 2015 1188 2045 luce
1211 2015 1319 2047 radiat

954 2060 1102 2093 Scribens
1128 2061 1247 2094 Christi
1270 2064 1434 2104 mysteria,

953 2108 1000 2140 Ut
1023 2108 1158 2148 populus
1183 2110 1354 2153 poeniteat,

951 2154 1012 2186 Est
1035 2154 1125 2188 verbi
1148 2156 1211 2188 Dei
1235 2158 1356 2190 nuntia.
1414 2178 1425 2192 ι

894 2212 925 2243 6.
952 2211 1001 2242 Tu
1026 2214 1093 2244 esto
1116 2215 1260 2244 nostrum
1284 2214 1433 2253 gaudium

953 2258 1014 2290 Per
1038 2258 1189 2299 Brigidae
1213 2259 1410 2304 suffragium,

952 2305 1011 2344 Qui
1037 2315 1070 2337 es
1095 2304 1221 2338 futurus
1247 2310 1422 2347 praemium

951 2354 1015 2385 Per
1043 2355 1157 2386 cuncta
1181 2363 1308 2395 semper
1332 2360 1470 2393 saecula.

284 2417 368 2445 Brev.
390 2425 443 2444 ms.
462 2416 683 2444 Paradisiaeum
704 2425 779 2445 saee.
803 2415 847 2444 15.
886 2417 954 2445 God.
974 2418 1167 2447 Laurenfian.
1189 2419 1281 2448 Conv.
1302 2429 1365 2459 sup.
1385 2422 1450 2452 549.
