1653 2637
735 108 995 147 —215—

577 208 608 241 5.
632 207 697 241 Ora
720 210 847 249 patrem
872 209 1021 252 familias,

630 257 678 290 Ut
700 257 786 290 inter
811 258 888 291 Sion
910 257 994 291 filias

628 305 708 338 Post
731 304 853 338 funeris
880 307 1046 346 exsequias

630 352 766 386 Nostras
797 354 969 395 conjungat
992 355 1124 387 animas.

282 437 368 464 Brev.
389 437 602 466 Roschildense
622 439 691 475 imp.
712 439 837 466 Parisiis
860 437 942 467 1517.

647 578 711 610 372.
741 578 785 610 De
806 587 830 610 s.
852 578 978 610 Kannto
999 579 1089 618 Rege.

765 656 800 686 In
820 656 971 695 Vesperis.

206 723 236 755 1.
266 723 403 756 Caterva
425 727 536 756 nostra
560 724 709 757 laudibus

265 771 338 803 Jam
366 774 537 812 concrepet
560 772 755 804 solemnibus

264 818 361 858 Regis
387 819 510 851 Kanuti
535 819 656 859 gloriae

265 866 399 898 Solvens
422 868 522 899 melos
547 867 700 901 laetitiae.

205 924 237 955 2.
266 923 364 962 Quem
389 924 585 964 perfidorum
611 934 728 957 cuneus

266 971 378 1003 Saeclo
403 974 606 1012 sequestrans
631 971 800 1005 fraudibus

265 1019 458 1051 Transmisit
482 1020 524 1051 ad
546 1021 701 1060 perennia
954 1019 1018 1052 Sed
1042 1019 1200 1060 perforati
1224 1021 1336 1051 lancea

268 1066 437 1107 Comptum
463 1075 575 1099 cruore
600 1068 727 1107 gaudia.
951 1067 985 1099 It
1009 1068 1141 1107 spiritus
1167 1068 1208 1099 ad
1234 1067 1351 1100 sidera.

205 1124 236 1156 3.
266 1123 488 1155 Circumdatus
511 1124 664 1163 periculis
895 1126 926 1158 6.
951 1125 1037 1157 Hinc
1068 1124 1191 1157 debitas
1216 1133 1273 1155 nos
1300 1124 1408 1155 cernui

263 1170 386 1203 Haeret
410 1170 473 1203 Dei
497 1172 651 1211 peribolis
953 1171 1080 1204 Laudes
1106 1180 1254 1203 canamus
1279 1171 1398 1203 servuli

261 1218 307 1250 Et
328 1220 434 1250 mente
458 1217 583 1259 perfert
607 1218 735 1251 fervida

263 1266 372 1298 Plebis
397 1264 534 1298 furentis
559 1266 694 1307 spicula.

895 728 926 758 4.
953 725 1121 758 Horrescit
1144 726 1226 766 ignis
1252 726 1343 758 atriis

951 772 1095 805 Haerere
1120 773 1352 813 sacratissimis,

955 820 1028 853 Cum
1056 831 1113 853 rex
1139 821 1210 860 pius
1235 821 1396 859 mysteriis

957 867 1212 901 Communicatur
1236 868 1363 900 vividis

895 928 926 959 5.
954 924 1045 957 Saxis
1071 926 1207 966 sagittae
1230 925 1363 957 vulnera

953 973 1090 1005 Addunt
1115 975 1264 1004 cruentae
1288 981 1390 1012 rosea,

951 1219 1041 1252 Patri
1066 1220 1202 1259 piaeque
1226 1218 1329 1251 soboli

951 1266 996 1299 Et
1019 1268 1184 1306 utriusque
1207 1265 1339 1301 flamini.

277 1351 363 1378 Biev.
385 1350 546 1378 Othinensc
565 1353 635 1388 imp.
655 1352 794 1380 Lubecae
815 1349 897 1379 1497.
918 1351 952 1378 A.
972 1368 1005 1371 -—
1028 1351 1111 1379 Biev.
1133 1351 1291 1379 Lundense
1310 1352 1380 1386 imp
1396 1351 1436 1378 Pr·
1437 1351 1479 1377 ris
1485 1352 1521 1377 iis

204 1385 286 1416 1517.
307 1389 340 1416 B.
367 1403 407 1407 —
427 1389 512 1417 Brev.
533 1389 744 1417 Roschildense
764 1392 833 1426 imp.
855 1390 979 1418 Parisiis
1001 1388 1083 1416 1517.
1107 1390 1137 1417 (J.
1159 1405 1196 1410 ——
1217 1390 1302 1416 Brev.
1324 1389 1515 1416 Aarhusiens‹

1458 1423 1474 1430 Λ

200 1427 270 1463 imp.
295 1427 461 1455 Aarhusiae
483 1425 564 1455 1519.
585 1429 622 1456 D.
642 1442 681 1447 -—
701 1426 727 1462 2,
748 1427 766 1457 3
787 1429 940 1456 Tiansivit
956 1428 991 1455 D.
1016 1443 1050 1447 —
1071 1425 1097 1461 0,
1118 1425 1136 1453 2
1156 1427 1299 1463 peribulis
1314 1427 1377 1454 AD
1457 1446 1483 1459 e,
1504 1426 1522 1453 ὅ

201 1464 387 1538 ξῒέξθ-Ῑ-ι-Ιτὸῡ.
390 1463 538 1540 3-Ιήἓέῃὲ
559 1466 698 1532 ἓὲεὸϊεκ
718 1466 785 1502 AD,
805 1466 871 1499 Qua
889 1474 941 1493 lex
961 1469 993 1493 15.
1017 1481 1053 1485 —
1075 1465 1102 1499 5,
1136 1463 1246 1501 Reae
1267 1465 1364 1492 conso-⁶
1389 1474 1402 1492 r>
1422 1464 1528 1491 lanc-ea

640 1635 705 1668 373.
738 1635 782 1667 De
802 1644 825 1666 s.
846 1635 973 1667 Kanuto
994 1635 1087 1674 Rege.

730 1714 779 1744 Ad
799 1714 994 1744 Nocturnum.

892 1785 924 1817 3.
951 1782 1015 1815 Sub
1039 1782 1216 1822 juventutis
1241 1784 1386 1820 tempore

951 1830 1056 1862 Vitam
1079 1828 1265 1861 refraenans
1291 1828 1458 1867 lubricam,

203 1785 233 1817 1.
259 1785 399 1825 Magnae
425 1784 494 1816 dies
519 1784 662 1816 laetitiae

260 1831 361 1865 Nobis
385 1832 494 1864 illuxit
518 1832 624 1871 hodie,

261 1881 328 1920 Quo
351 1889 409 1913 rex
433 1881 582 1913 Kanutus
607 1879 729 1912 Daciae

259 1929 424 1962 Thronum
450 1928 637 1961 conscendit
661 1928 793 1969 gloriae.

200 1989 232 2020 2.
260 1987 320 2027 Qui
346 1987 449 2028 stirpe
473 1988 567 2019 natus
594 1987 682 2027 regia

257 2036 436 2076 Regalique
460 2035 613 2076 prosapia

258 2086 298 2118 ln
323 2086 392 2116 tota
416 2084 499 2116 luxit
523 2082 626 2115 Dacia

258 2133 421 2165 Virtutum
446 2140 507 2173 per
532 2130 676 2171 vestigia.

950 1879 988 1911 In
1015 1878 1152 1910 delicato
1179 1885 1314 1917 corpore

951 1926 1125 1959 conservat
1145 1925 1367 1957 innocentiam.

920 2012 925 2018 .
951 1984 1005 2016 Ad
1034 1983 1243 2016 recreandum
1269 1990 1428 2022 pauperes

951 2032 1067 2064 Manus
1093 2031 1160 2071 ejus
1185 2030 1365 2070 largissima

952 2080 1005 2112 Ad
1026 2079 1258 2119 protegendum
1286 2077 1407 2110 debiles

952 2128 996 2161 Et
1021 2126 1147 2161 flebiles
1169 2126 1416 2168 promptissima.

595 2191 626 2221 5.
649 2189 714 2222 Per
737 2187 831 2227 hujus
856 2185 959 2219 sancti
983 2184 1108 2224 merita,

650 2236 738 2275 JeSU,
767 2235 954 2275 redemptor
978 2232 1127 2273 omnium,

651 2283 788 2317 Dimitte
812 2283 905 2315 nobis
932 2282 1042 2314 debita

649 2332 695 2365 Et
721 2331 763 2363 da
784 2338 928 2371 perenne
951 2329 1112 2370 gaudium.

276 2420 362 2448 Brev.
383 2419 597 2448 Roschildense
616 2418 687 2454 imp.
707 2416 833 2444 Parisiis
856 2413 940 2442 1517.
