1653 2637
749 126 1010 162 —179-

659 219 720 251 301.
749 220 793 251 De
812 220 920 252 sancto
942 220 1099 253 Gabriele.

715 288 764 318 Ad
784 288 874 326 Vesp.
900 292 929 318 et
948 289 1042 319 Laud.

509 356 540 389 1.
567 356 732 389 Mentibus
756 358 849 390 laetis
873 358 1044 398 ¹iubilemus
1070 367 1178 391 omnes

566 404 695 437 Plectra
723 408 889 446 tangentes
915 405 1032 438 fidibus
1059 407 1191 446 canoris,

564 451 699 485 1nclitus
725 453 850 493 quando
877 453 1009 486 Gabriel
1033 455 1072 486 ab
1098 454 1163 486 alto

616 499 734 541 Fulget
760 501 907 541 Olympo.

507 558 539 589 2.
567 557 709 597 Virginis
734 567 875 591 summae
897 560 1137 599 paranymphus
1162 560 1255 592 adest

566 604 674 637 Hodie
698 605 802 646 nobis,
828 606 922 637 simul
947 607 1129 647 angelorum

565 653 726 693 Plurimis,
755 654 916 686 Christum
941 663 1096 686 venerans
1118 655 1288 695 triumphis

613 700 728 732 Concio
753 703 830 735 tota.

506 759 536 792 3.
564 757 725 797 Principis
756 758 868 789 laudes
895 757 1055 790 Gabrielis
1081 768 1155 799 ergo

565 805 721 839 Concinat
742 807 851 837 noster
876 806 991 838 chorus
1016 806 1087 847 iste,
1114 807 1240 846 quando

563 853 653 886 Unus
684 861 724 885 ex
748 855 871 892 septem
896 854 1089 893 trepidando
1115 856 1205 893 patet

607 900 747 933 Orbibus
770 900 830 933 ini.

505 958 536 990 4.
564 957 704 989 Nuntius
726 957 816 1001 coeli,
843 958 1001 990 mediator
1025 959 1111 990 idem

563 1005 681 1037 Exstat
706 1008 736 1036 et
762 1005 868 1036 lumen
895 1005 1026 1037 Gabriel
1050 1006 1177 1047 ubique,

564 1052 657 1084 Solus
683 1054 715 1083 et
737 1052 855 1084 mundo
879 1056 1004 1084 reserat
1028 1057 1152 1085 secreta

610 1101 707 1134 Jussa
732 1100 883 1132 tonantis.

505 1159 535 1190 5.
563 1157 686 1190 Nuntia
709 1157 812 1197 nobiS,
841 1157 984 1200 Gabriel,
1008 1166 1187 1199 precamur,

563 1205 656 1237 Pacis
683 1207 832 1237 aeternae
858 1206 998 1245 speciale
1021 1214 1144 1245 munus,

562 1252 629 1291 Quo
654 1252 722 1292 poli
745 1253 876 1285 tandem
900 1256 1063 1286 teneamus
1088 1253 1193 1286 aulam

611 1299 744 1340 Semper
769 1303 911 1334 ovantes.

502 1359 532 1391 6.
560 1357 709 1389 Praestet
733 1357 794 1389 hoc
818 1357 911 1389 nobis
937 1358 1039 1390 deitas
1065 1358 1159 1390 beata

561 1405 667 1437 Patris
694 1413 732 1437 ac
755 1405 824 1437 nati
848 1405 1034 1445 pariterque
1058 1405 1161 1437 sancti

558 1452 706 1492 Spiritus,
734 1453 822 1492 cujus
848 1452 960 1484 reboat
983 1453 1016 1485 in
1043 1453 1127 1485 omni

611 1500 723 1533 Gloria
749 1501 878 1533 mundo.

284 1577 370 1605 Brev.
397 1577 563 1604 Romanum
592 1577 661 1612 imp.
689 1576 824 1603 Venetiis
847 1574 944 1612 (Greg.
971 1576 1007 1604 de
1028 1574 1188 1612 Gregoriis)
1215 1573 1295 1603 1521.
1317 1576 1351 1603 A.
1378 1593 1389 1597 -
1413 1594 1415 1597 -
1444 1578 1529 1605 Brev-

209 1614 238 1643 S.
265 1615 420 1643 Benedicti
446 1614 659 1642 vallisoletani
685 1615 755 1650 imp.
784 1615 816 1641 in
841 1615 969 1642 Monast.
995 1623 1035 1642 ss.
1061 1614 1193 1642 Facundi
1222 1615 1252 1641 et
1270 1615 1419 1643 Primitivi
1448 1614 1530 1644 1542.

208 1654 240 1681 B.
261 1669 299 1673 -—
313 1654 422 1689 Hymn.
437 1653 626 1680 Franciscan.
647 1654 717 1688 imp.
732 1652 899 1689 Salisburgi
916 1651 997 1681 1685.
1014 1652 1044 1680 O.
1062 1667 1099 1671 —
1116 1650 1139 1686 1,
1161 1650 1179 1679 2
1193 1653 1335 1681 Nuntium
1350 1654 1426 1682 coeli
1439 1663 1529 1682 vene-

207 1701 306 1720 remur
326 1692 380 1720 alti
393 1692 426 1719 B.
447 1705 485 1709 —
499 1690 556 1718 Str.
577 1689 595 1718 2
615 1700 643 1718 u.
664 1688 682 1719 3
702 1691 800 1719 fehlen
813 1692 846 1719 B.
867 1706 904 1710 —-
929 1689 955 1726 3,
977 1690 994 1718 2
1015 1690 1130 1728 quando
1152 1693 1197 1719 est
1212 1691 1242 1719 O.
1266 1706 1268 1710 Α
1322 1690 1347 1726 3,
1369 1690 1386 1720 3
1408 1695 1528 1729 septem,

208 1731 335 1758 Domino
357 1731 408 1767 qui
429 1728 547 1756 adstant
561 1729 591 1757 C.
616 1744 647 1748 —
671 1727 697 1763 3,
718 1728 738 1757 4
751 1730 843 1758 Jussa
862 1733 1016 1766 sequentes
1033 1730 1063 1757 C.
1084 1744 1121 1749 -
1141 1728 1168 1764 4,
1191 1728 1209 1757 2
1222 1730 1330 1758 Exstat
1350 1733 1379 1758 et
1398 1740 1528 1759 summus

207 1768 327 1797 Gabriel
347 1770 384 1803 133
405 1767 514 1795 Exstat
532 1776 551 1795 a
570 1769 691 1795 summis
713 1768 834 1796 Gabriel
856 1768 886 1796 O.
908 1782 945 1786 —
965 1767 992 1804 4,
1014 1766 1032 1797 3
1049 1769 1159 1796 Laetus
1181 1771 1211 1796 et
1229 1769 1337 1796 mundo
1353 1769 1384 1797 O.
1406 1785 1419 1789 -
1462 1769 1489 1806 4,
1510 1769 1529 1798 4

208 1807 426 1843 omnipotentis
449 1805 479 1833 G.
505 1821 539 1825 —
566 1805 592 1840 6,
613 1803 630 1833 3
652 1807 755 1834 reboat
772 1815 826 1842 per
846 1815 931 1834 omne
951 1807 985 1834 A.
1007 1821 1044 1826 —
1067 1804 1091 1841 6,
1112 1804 1133 1833 4
1151 1807 1279 1843 Tempus
1299 1808 1411 1844 ubique
1430 1808 1465 1835 A.

643 1927 711 1959 302.
742 1928 785 1959 De
809 1928 918 1960 sancto
942 1927 1095 1960 Gabriele.

741 2006 791 2036 Ad
811 2007 999 2037 Matutinum.

471 2079 503 2111 1.
529 2077 589 2117 En,
617 2077 720 2109 noctis
745 2077 896 2119 medium,
923 2077 1044 2117 surgite
1067 2084 1215 2119 propere,

531 2125 701 2158 Cantemus
727 2125 863 2157 Domino
886 2125 952 2165 jam
977 2134 1059 2157 novo
1086 2124 1221 2165 cantica,

529 2173 600 2206 Hae
624 2174 705 2206 hora
730 2173 863 2206 Gabriel
884 2182 958 2206 nam
984 2171 1045 2205 fuit
1070 2172 1215 2207 omnibus

576 2222 671 2255 Vitae
698 2222 829 2254 nuntius
855 2221 1004 2262 optimus.

467 2282 501 2314 2.
526 2280 600 2313 Hac
623 2280 704 2312 hora
727 2279 900 2312 Dominum
925 2279 1059 2320 virgins
1084 2279 1194 2312 alveus

529 2329 677 2361 Humano
703 2327 812 2369 generi
834 2327 971 2367 protulit
998 2328 1138 2368 insuper,

528 2376 672 2409 Devictis
696 2375 821 2415 pariter
845 2373 989 2406 funditus
1016 2375 1158 2409 hostibus

576 2424 689 2457 Victor
713 2422 816 2464 surgit
840 2423 880 2455 ab
906 2420 1029 2456 inferis.
