1653 2637
710 136 944 171 -25—

173 229 204 261 3.
231 229 340 260 Armis
368 230 470 262 crucis
494 240 551 263 nos
577 232 683 276 indue,

231 276 342 308 Hostis
368 277 481 318 quibus
507 280 684 319 repellitur,

230 324 285 364 Et,
315 334 356 357 ne
381 326 469 358 labet
493 327 637 371 victoria,

231 372 354 405 Adesto
382 374 445 406 dux
469 373 503 406 in
527 376 660 415 proelio.

858 235 890 266 4.
915 233 971 273 Te,
999 242 1120 266 summa
1143 233 1230 265 Deus
1256 234 1392 275 trinitaS‚

916 281 1085 314 Collaudet
1109 282 1209 313 omnis
1235 282 1377 325 spiritus,

918 328 1000 367 Quos
1024 339 1083 369 per
1109 329 1210 361 crucis
1235 331 1420 370 mysterium

918 376 1039 417 Salvas,
1065 386 1140 418 rege
1163 386 1222 416 per
1250 378 1387 413 saecula.

247 466 356 501 Hymn.
378 476 430 495 ms.
457 466 626 495 Sanctensis
648 477 670 495 s.
694 478 721 497 n.
742 477 818 497 saec.
840 467 884 496 15.
906 469 970 496 add.
991 478 1065 497 saec.
1087 467 1131 498 16.

613 597 659 629 29.
689 598 733 629 De
751 597 901 629 Passione
924 598 1047 630 Christi.

191 677 221 711 1.
249 675 371 711 Audite
396 686 503 710 omnes
523 680 631 718 gentes

247 725 291 757 Et
317 726 414 757 dicite
437 725 610 764 prudentes

247 772 297 804 De
320 773 468 813 passione
493 773 622 812 Christi,

247 820 309 852 Per
334 830 426 861 quem
451 821 610 861 redempti
635 821 721 853 estis.

189 878 220 909 2.
247 874 409 918 Benignus
436 880 485 909 est
509 880 539 909 et
567 878 713 921 clemens²

247 924 306 964 Qui·
332 935 366 957 se
391 926 574 969 exinanivit,

247 973 331 1005 Dum
361 972 495 1006 formam
521 973 606 1006 servi
631 974 756 1014 accepit

247 1020 292 1052 Et
315 1022 475 1053 saeculum
500 1021 645 1054 redemit.

189 1078 220 1110 3.
249 1073 423 1111 Consilium
444 1078 511 1117 ,iam
535 1076 655 1109 factum

248 1125 375 1157 Testem
400 1125 563 1158 adducunt
587 1124 711 1165 falsum,

248 1172 407 1205 Christum
432 1173 542 1204 volunt
568 1173 728 1214 damnare,

246 1220 306 1258 Qui
330 1222 462 1252 venerat
485 1221 620 1252 salvare.

189 1278 220 1311 4.
244 1274 379 1310 Ducitur
404 1277 553 1309 salvator.

249 1326 295 1358 Ut
315 1326 421 1365 impiis
446 1325 603 1364 tradatur,

248 1373 345 1412 Quem
370 1372 471 1405 Judas
496 1373 631 1404 tradidit
655 1381 727 1404 reus

249 1420 385 1460 Propter
408 1420 541 1460 triginta
565 1423 741 1460 argenteos,

190 1479 220 1510 5.
246 1474 404 1510 Emerunt
426 1477 616 1509 salvatorem

246 1526 310 1558 Per
335 1524 450 1557 Judam
475 1525 673 1568 traditorem,

247 1572 401 1605 Venditus
428 1575 475 1604 est
498 1581 558 1612 per
580 1573 683 1604 zelum

248 1620 334 1652 Deus
365 1624 396 1652 et
420 1621 512 1653 homo
537 1629 641 1653 verus.

191 1679 222 1710 6.
249 1675 419 1712 Formator
445 1680 577 1709 cunctae
601 1678 703 1718 gentis

247 1726 383 1765 Emptus
409 1725 450 1758 ad
474 1725 654 1757 invidentes

249 1773 359 1813 Pergit
382 1774 424 1806 ad
448 1773 684 1812 immolandum,

247 1821 294 1853 Ut
319 1831 416 1861 agnus
439 1821 481 1852 ad
504 1821 709 1853 tondendum.

190 1880 219 1911 7.
249 1875 355 1913 Genus
380 1881 415 1910 ut
439 1878 597 1917 serpentis

249 1926 442 1959 {Iudaeorum
468 1926 595 1968 stirpes,

248 1975 307 2015 Qui
334 1975 494 2008 Christum
517 1977 712 2016 negaverunt

247 2023 292 2055 Et
315 2026 449 2055 mortem
474 2022 687 2055 tradiderunt.

189 2081 219 2114 8.
246 2077 316 2114 Hoc
339 2081 452 2113 videns
477 2078 593 2111 Petrus
619 2078 725 2120 flebat,

248 2130 346 2168 Quem
372 2129 516 2163 Christus
539 2129 605 2168 jam
633 2128 768 2169 dicebat,

245 2180 420 2218 Arreptum
446 2185 535 2208 suum
561 2176 701 2217 gladium

243 2226 373 2258 Malcho
397 2233 506 2258 aurem
531 2225 679 2259 abscidit.

186 2286 216 2318 9.
245 2280 362 2324 Judas,
388 2291 462 2315 reus
486 2285 645 2315 mercator

244 2332 289 2364 Et
310 2332 427 2372 impius
453 2329 597 2371 falsator,

245 2381 393 2413 Osculum
420 2379 543 2420 signum
570 2379 670 2417 dedit,

244 2429 376 2469 Quando
403 2428 562 2461 Christum
586 2428 732 2461 tradidit.

862 679 916 711 10.
930 675 1052 719 Kapite
1079 682 1252 719 posuerunt

931 725 1080 766 Spineam
1106 735 1261 763 coronam,

931 773 1058 806 Vestem
1083 775 1258 807 diviserunt

929 821 973 853 Et
994 822 1089 862 alapa
1114 822 1295 856 caederunt.

860 878 914 911 11.
928 875 1037 919 Lignis
1063 887 1102 911 ex
1128 878 1248 910 duabus

932 925 1063 958 Crucem
1087 925 1225 958 fixerunt
1251 927 1359 968 clavis,

929 974 1027 1013 Quam
1053 973 1160 1006 Simon
1184 976 1260 1005 tunc
1284 975 1433 1015 portabat

931 1022 990 1059 Qui
1015 1021 1173 1053 Christum
1204 1023 1365 1056 cruciavit.

860 1077 914 1110 12.
929 1075 1063 1111 Mixtum
1087 1077 1131 1110 fel
1157 1081 1188 1109 et
1211 1081 1334 1111 acetum

929 1124 1068 1166 Spongia
1091 1125 1255 1168 miserunt,

928 1173 1125 1205 Arundinern
1152 1174 1356 1213 arripuerunt

929 1221 1072 1252 Potando
1098 1226 1319 1260 porrexerunt.

862 1278 914 1309 13.
930 1274 1049 1310 Noxius
1079 1277 1200 1309 Pilatus

929 1325 967 1357 In
995 1333 1100 1357 vocem
1127 1328 1292 1357 excusatus

930 1373 1023 1412 Aqua
1043 1381 1170 1404 manum
1194 1373 1314 1405 lavavit

930 1419 974 1451 Et
998 1419 1156 1451 Christum
1183 1421 1345 1454 cruciavit.

862 1473 1011 1510 1101111
1034 1486 1093 1516 pro
1117 1477 1263 1518 inimicis,

931 1524 1021 1563 Quod
1046 1523 1175 1563 faciunt,
1202 1526 1355 1565 nesciunt,

930 1572 993 1603 Pro
1018 1573 1124 1612 impiis
1149 1573 1253 1605 oravit

931 1619 973 1651 Et
996 1623 1120 1660 patrem
1142 1620 1312 1655 invocavit.

865 1679 917 1709 15.
932 1674 1106 1711 Percussus
1130 1680 1178 1708 est
1201 1678 1234 1709 in
1259 1678 1342 1710 latus

930 1725 1083 1757 Dominus
1108 1725 1257 1766 salvator,

932 1772 1087 1813 Lympha,
1114 1782 1197 1812 aqua
1221 1775 1362 1806 manavit

1434 1001 1442 1019 7

930 1820 975 1852 Et
998 1821 1150 1853 mundum
1174 1822 1375 1854 restauravit.

863 1878 916 1910 16.
932 1876 993 1916 Qui
1020 1879 1124 1910 omnia
1149 1879 1278 1916 creavit,

931 1925 1070 1957 Mortem
1093 1935 1156 1958 non
1182 1926 1349 1968 dubitavit,

932 1973 1089 2006 Transeat
1114 1983 1132 2005 a
1156 1983 1207 2005 me
1232 1975 1315 2007 calix

931 2021 1007 2062 Iste,
1031 2023 1060 2054 si
1083 2021 1153 2054 fieri
1177 2025 1292 2062 potest.

863 2079 916 2113 17.
930 2076 1150 2113 Redemerunt
1175 2080 1315 2112 vinctum

931 2127 1036 2160 Unum
1061 2129 1093 2160 in
1121 2127 1203 2159 diem
1229 2127 1353 2173 festum,

931 2175 1106 2208 Barrabam
1134 2176 1321 2208 dimiserunt

929 2224 973 2256 Et
998 2224 1158 2257 Christum
1183 2227 1362 2259 tenuerunt.

862 2282 916 2316 18.
931 2279 1085 2322 Suspensi
1109 2285 1183 2315 sunt
1206 2283 1347 2315 latrones

932 2330 1008 2363 Cum
1035 2330 1160 2364 Christo
1186 2331 1355 2372 salvatore,

929 2379 1057 2412 Dismas
1083 2379 1184 2412 abluit
1208 2378 1313 2420 fidem,

931 2427 1063 2460 Gesmas
1088 2427 1149 2460 fuit
1173 2428 1323 2461 crudelis.
