1653 2637
714 143 973 179 —173—

611 264 672 298 291.
705 265 749 297 Dc
770 265 882 296 sancta
901 264 1076 296 Felicitate.

730 341 782 373 Ad
803 342 966 382 Vesperas.

188 419 218 453 1.
246 419 371 462 Gaude,
396 424 499 453 mater
524 425 557 454 et
580 424 681 464 virgo,
875 425 907 457 4.

294 478 412 509 sponsa
438 469 557 503 Christi
584 471 729 511 ecclesia,

248 516 424 557 Sexaginta
447 515 547 549 fortes
573 519 680 560 armis,

294 563 370 606 fide,
397 564 496 598 verbo
523 568 555 596 et
579 575 677 606 opere

248 611 425 645 Salomonis
450 613 519 645 vcri
544 613 660 645 lectum

298 660 429 701 cingunt
452 660 548 700 bysso
576 661 757 694 candidum.

190 716 222 747 2.
248 716 309 755 Qui
333 724 447 749 cruore
470 718 651 757 purpurati,

295 764 420 804 pudore
446 764 620 806 candidati,

249 811 442 851 Nuptiarum
468 812 540 853 agni
567 821 695 845 coenam

298 860 536 900 compleverunt
559 861 694 901 pariter,

248 906 375 939 Favum
398 907 505 939 mellis
531 909 782 948 commiscentes,

298 955 406 987 vinum
433 963 502 986 cum
527 956 611 987 lacte
637 956 791 989 bibentes.

192 1013 222 1044 3.
251 1012 310 1044 Isti
335 1015 410 1044 sunt
434 1012 683 1052 triumphatores
879 1016 910 1048 6.

298 1060 418 1092 virtute
442 1060 616 1102 mirabiles,

249 1106 309 1145 Qui
333 1107 440 1140 David
466 1116 561 1140 manu
585 1106 678 1140 fortis

297 1154 442 1195 insigniti
466 1155 569 1186 titulis

249 1202 499 1234 Prostraverunt
523 1203 727 1244 Philistaeos‚

296 1250 376 1290 legis
405 1251 513 1282 hostes
537 1250 674 1283 invidos.

879 721 897 752 Q'!

934 423 1030 456 Felix
1053 425 1156 455 mater
1179 420 1306 454 felicem

982 470 1119 503 filiorum
1146 469 1297 509 sobolem,

936 519 1130 551 Instructam
1154 516 1303 548 militaris

983 565 1139 605 triumphi
1161 564 1349 604 insignibus,

938 613 1061 646 Victori
1087 614 1167 645 duce
1191 613 1349 650 septenas,

984 660 1162 693 immolavit
1185 659 1317 691 hostias.

904 743 910 750 .
938 718 1122 751 Luminaria
1145 718 1289 756 septena,

983 767 1058 807 igne
1082 773 1173 798 sacro
1199 763 1380 803 splendida,

936 814 1059 855 Singuli
1083 812 1173 845 stolis
1195 811 1277 843 albis

981 862 1087 894 induti
1113 868 1182 892 cum
1208 859 1344 899 superis,

935 910 1118 942 Incolarum
1142 907 1237 947 hujus
1259 906 1372 938 mundi

985 958 1176 989 mementote
1203 954 1342 994 benigni.

937 1014 1032 1046 Nunc
1056 1014 1252 1053 quapropter
1276 1010 1494 1050 supplicantes

984 1062 1050 1094 illis
1075 1068 1188 1102 preces
1213 1057 1385 1098 fundimus,

937 1109 984 1142 Ut
1009 1109 1179 1148 dignentur
1203 1106 1295 1138 nobis
1322 1105 1482 1137 Christum

985 1155 1093 1188 facere
1116 1153 1301 1196 propitium,

939 1204 1036 1243 Quem
1049 1204 1205 1244 amarunt,
1222 1210 1291 1232 cum
1301 1209 1361 1241 quo
1371 1201 1508 1240 regnant

982 1260 1066 1283 nunc
1094 1253 1126 1282 et
1150 1250 1183 1281 in
1208 1251 1408 1289 perpetuum.

263 1334 367 1369 Propr.
395 1342 448 1362 ms.
475 1334 694 1370 Uttenpurense
725 1343 800 1362 saec.
825 1334 868 1363 16.
899 1337 966 1371 post
991 1336 1073 1363 Brev.
1096 1334 1257 1363 Casinense
1282 1334 1351 1368 imp.
1372 1332 1506 1360 Venetiis

187 1369 270 1399 1568.
309 1373 396 1407 (Bibl.
418 1371 447 1401 S.
469 1371 613 1409 Stephani
633 1372 820 1410 Augustani.)

611 1532 679 1564 292.
709 1532 754 1563 De
773 1532 884 1564 sancta
903 1531 1083 1563 Felicitate.

715 1609 764 1639 Ad
782 1609 976 1639 Nocturnum.

503 1689 533 1721 1.
560 1689 695 1721 Arbiter
718 1689 829 1721 mundi
854 1698 1066 1729 superumque
1090 1690 1207 1728 rector,

560 1736 611 1768 Da
635 1737 721 1776 piam
747 1739 882 1768 matrem
909 1737 1072 1768 celebrare
1098 1738 1202 1776 cantu,

563 1783 640 1815 Cum
665 1784 730 1816 suis
756 1784 860 1824 gnatis
885 1784 1015 1816 nimium
1042 1783 1143 1816 feroci

602 1831 711 1863 Morte
735 1834 945 1872 peremptam.

503 1890 534 1921 2.
561 1890 713 1932 Quantus,
741 1899 759 1921 o
784 1892 887 1922 mater
912 1890 1101 1929 sobolesque
1125 1897 1228 1928 sacra2

559 1937 670 1969 Ardor
694 1941 845 1969 aeternae
870 1938 996 1978 patriae
1020 1936 1179 1969 tenendae

562 1985 662 2027 Ussit,
690 1988 726 2017 ut
750 1994 845 2018 saevo
870 1986 1024 2018 lanianda
1048 1984 1135 2017 ferro

606 2034 750 2073 Corpora
776 2033 894 2067 dedas!

502 2093 534 2125 3.
563 2091 725 2134 Vinciunt‚
752 2094 879 2132 vexant,
905 2090 1026 2123 feriunt
1051 2093 1083 2122 et
1107 2090 1186 2123 artis

562 2139 704 2172 Vinculis
729 2141 862 2181 terrent,
888 2139 1027 2180 placidis
1052 2137 1183 2179 tyranni

558 2187 698 2220 Vocibus
728 2186 851 2220 frustra
875 2196 1029 2228 superare
1054 2189 1181 2220 tentant

605 2237 742 2269 Pectora
767 2234 914 2268 fratrum.

503 2296 535 2328 4.
563 2295 625 2326 Ast
649 2294 742 2326 adest
766 2297 870 2326 mater
892 2294 1055 2333 juvenum,
1082 2292 1167 2326 virili

563 2342 683 2384 Mente,
713 2341 872 2374 constanti
897 2341 1063 2373 stimulare
1089 2349 1167 2374 voce

562 2390 673 2430 Pergit
699 2393 731 2421 et
754 2390 840 2422 vitae
865 2389 1010 2429 peritura
1033 2390 1149 2421 suadet

610 2437 773 2478 Rumpere
797 2437 915 2469 vincla.
