1653 2637
672 114 930 158 ----137’--ἢ

563 243 632 277 229.
661 243 706 277 De
723 246 833 277 sancto
852 244 1042 277 Bernhardo.

655 333 703 363 Ad
723 332 959 371 Gompletorium.

154 421 185 452 1.
213 419 314 460 Surge
337 420 442 460 modo,
469 428 587 460 sponsa
612 421 741 460 Christi,
834 423 866 455 4.
892 420 942 452 Ne
968 423 1129 452 currentes
1154 418 1359 459 offendamus,

211 466 253 500 Et
279 467 362 499 votis
383 467 517 507 jungere
540 468 604 510 isti,
893 467 955 500 Sed
981 468 1084 500 securi
1109 475 1288 499 maneamus

215 514 262 547 Ut
284 518 318 546 te
342 514 422 547 odor
447 514 615 547 dulcifluus
894 516 997 555 Super
1023 515 1173 547 dilectum
1194 514 1308 553 innixi,

215 562 346 602 Trahat,
372 562 428 594 ubi
452 571 586 602 sponsus
611 567 683 597 tuus
892 563 939 596 Ut
964 562 1004 594 de
1028 562 1112 602 ligno
1136 561 1278 594 crucifixi

263 609 366 644 cubat
389 610 423 641 in
447 610 590 644 meridie.
939 610 1039 642 Nobis
1065 610 1129 642 sint
1152 610 1347 642 umb1acula.

158 678 189 709 2.
213 675 324 717 Lecto,
351 684 443 716 quem
463 676 646 709 Bernardus
664 677 778 709 stravit
835 681 865 713 5,
891 676 987 710 Nunc
1012 677 1168 708 coelorum
1195 677 1279 709 cives
1300 676 1455 717 plaudent

215 723 425 763 Floribusque
450 723 631 765 adornavit,
891 724 935 757 Et
959 722 1097 756 feliciter
1122 725 1335 766 congaudent,

215 772 252 803 In
278 771 443 810 amplexus
471 771 579 803 dulces
604 780 688 813 ruas,
892 771 977 811 Agni
1003 779 1131 803 coenam
1157 772 1397 804 commensalem

215 818 332 858 Sponsi
357 818 487 850 delicias
512 827 585 851 suas
889 819 986 852 Hunc
1008 818 1154 851 videntes
1180 822 1211 850 et
1234 819 1376 851 sodalem

265 865 505 898 Communicans
530 868 598 898 tota
624 866 685 898 die.
938 867 1034 898 Dulci
1060 866 1275 900 contubernio.

161 934 193 966 3.
220 932 245 966 Ο
271 932 445 972 Bernarde,
472 935 565 971 pater
591 932 702 975 dulcis,
834 933 865 965 6.
889 932 1016 972 Faverit
1039 933 1087 965 illi
1112 936 1239 972 sceptro
1263 932 1325 965 Dei

218 980 278 1019 Qui
302 988 359 1012 nos
385 979 433 1011 his
458 977 589 1011 floribus
613 978 716 1023 fulcis,
892 980 935 1013 Et
960 983 1121 1012 consortes
1146 981 1277 1012 adstant
1302 981 1341 1023 ei⁷

217 1027 296 1060 Esto
320 1026 414 1059 nobis
436 1028 471 1059 in
494 1027 554 1059 hac
578 1027 631 1059 via
893 1025 1108 1068 Supernorum
1131 1027 1265 1067 hymnos
1291 1028 1415 1069 dautes,

215 1077 289 1109 Dux
314 1083 352 1106 ac
375 1077 602 1116 propugnator,
630 1075 703 1114 quia
894 1075 953 1107 His
977 1083 1012 1106 se
1034 1075 1170 1107 invicem
1195 1074 1369 1115 hortanteS,

262 1122 369 1154 Multa
392 1124 466 1153 suut
493 1122 666 1155 obst-acula..
942 1124 967 1156 Ο
994 1131 1087 1164 quam
1110 1122 1222 1164 grandi
1249 1123 1401 1163 praemio.

503 1190 536 1221 7.
563 1188 727 1231 Spiritum,
754 1198 845 1229 quem
868 1188 978 1222 noster
1002 1187 1114 1222 frater.

230 1281 323 1310 Psalt.
344 1291 398 1310 ms.
418 1282 533 1310 Veteris
552 1282 664 1310 Montis
684 1290 760 1311 saec.
782 1281 826 1311 13.
862 1283 931 1311 Cod.
950 1282 1173 1319 Dusseldorpin.
1189 1283 1212 1311 O
1232 1281 1277 1311 58.
1297 1283 1362 1311 add.
1384 1292 1458 1312 saec.

154 1318 200 1348 14.
221 1320 255 1347 A.
280 1336 315 1341 —
333 1321 418 1348 Noct.
437 1328 491 1347 ms.
515 1318 708 1349 cisterciens2
728 1329 805 1351 saec.
829 1319 871 1351 15.
905 1321 976 1349 Ood.
989 1321 1151 1349 Londinen.
1172 1321 1255 1349 Harl.
1276 1319 1360 1350 2880.
1374 1323 1406 1349 Β.
1421 1336 1458 1341 —

156 1358 226 1387 Cod.
247 1357 502 1392 Guelfenhyteran.
522 1357 571 1395 (01.
593 1357 773 1394 Cistercien.)
786 1356 929 1388 H.'1163.
949 1367 1025 1387 saec.
1048 1356 1091 1387 15.
1116 1359 1207 1387 eLC.
1229 1374 1266 1378 -—
1278 1359 1382 1387 Diui-n.
1403 1369 1456 1388 ms.

150 1396 395 1425 Kirchheimense
416 1405 491 1424 saec.
514 1395 557 1424 15.
591 1396 660 1424 God.
680 1397 863 1434 Maihingen.
886 1397 919 1426 11
939 1396 963 1424 1.
983 1394 1016 1425 80
1037 1394 1079 1425 18.
1099 1397 1136 1425 D.
1157 1412 1194 1416 —-
1215 1397 1267 1425 AB
1288 1397 1384 1426 haben
1402 1408 1458 1427 nur

153 1435 202 1463 die
211 1436 284 1469 vier‚
295 1436 323 1463 D
336 1435 390 1462 hat
401 1443 457 1462 nur
471 1434 519 1462 die
531 1436 604 1462 zwei
619 1439 715 1463 ersten
726 1435 872 1472 Strophen
884 1435 944 1463 und
957 1443 1035 1463 zwar
1047 1435 1092 1463 als
1102 1436 1168 1463 Teil
1182 1436 1231 1463 des
1245 1436 1458 1472 vorhergehen—

152 1474 208 1501 den
222 1472 367 1507 Hymnus.
380 1488 419 1493 -—-
435 1471 461 1507 1,
481 1471 498 1499 2
519 1473 610 1508 Opem
629 1474 707 1501 vatis
727 1475 889 1509 promisisti
908 1473 941 1501 C.
961 1488 998 1493 ——
1020 1472 1045 1509 1,
1065 1470 1083 1501 3
1104 1475 1145 1502 Ut
1164 1482 1221 1501 nos
1239 1474 1270 1502 Ο.
1284 1489 1321 1494 —
1338 1473 1365 1508 2,
1388 1473 1403 1502 1
1422 1475 1459 1503 In

151 1511 227 1539 lecto
241 1511 332 1539 ΑΒΕ.
345 1526 383 1530 -
396 1508 424 1545 2,
445 1510 464 1539 4
477 1510 586 1547 sponsi
606 1519 694 1548 gazas
715 1514 803 1548 atque
822 1515 888 1540 tuas
910 1511 940 1539 C.
957 1526 992 1531 --
1009 1510 1034 1544 1,
1055 1509 1073 1539 5
1086 1512 1212 1540 Tribuas
1234 1513 1365 1548 quotidie
1376 1512 1406 1540 O.
1421 1527 1458 1532 —

150 1547 184 1583 3,
209 1547 227 1576 2
247 1558 301 1577 nos
323 1551 439 1586 seriptis
461 1549 579 1586 pulchre
599 1549 684 1578 fulcis
707 1549 737 1577 G.
757 1564 794 1569 —
814 1547 850 1584 3,
879 1549 899 1578 4
918 1550 1122 1587 Propugnator
1142 1552 1172 1577 et
1191 1551 1250 1578 dux
1270 1550 1302 1578 C.
1323 1565 1359 1570 -—
1378 1550 1412 1586 4,
1443 1550 1458 1579 1

150 1588 212 1615 Nos
235 1590 383 1616 currentes
405 1587 590 1615 ostendamus
611 1588 645 1615 A.
666 1603 702 1608 -·-
721 1586 756 1622 4,
786 1586 804 1617 3
823 1589 869 1617 Ad
889 1588 1027 1617 dilectum
1048 1589 1091 1616 sic
1110 1589 1205 1616 innixi
1227 1588 1258 1616 C.
1278 1604 1316 1609 -—
1334 1589 1361 1625 4,
1381 1589 1402 1618 4
1419 1590 1461 1619 Et

150 1626 188 1653 de
206 1626 267 1654 AB.

564 1776 633 1814 230.
661 1776 706 1808 De
724 1778 832 1811 sancto
851 1776 1040 1811 Bernhardc.

154 1868 185 1900 1.
210 1866 296 1898 Dum
322 1866 467 1898 coelestis
491 1864 614 1909 figulus,
831 1867 868 1900 3.
895 1866 955 1905 Qui
982 1865 1023 1898 de
1044 1867 1115 1898 loco
1139 1866 1260 1906 gloriae

211 1915 258 1948 Ut
282 1913 347 1946 suis
372 1913 521 1946 fidelibus
892 1912 957 1948 Per
980 1911 1099 1946 fluenta
1123 1914 1244 1954 gratiae

259 1962 380 1994 Nectar
403 1961 592 2002 propinaret
941 1961 1079 1995 Goelitus
1104 1962 1256 2007 repletur,

207 2010 253 2043 Et
278 2014 422 2043 ornatum
447 2010 588 2041 moribus
890 2009 935 2043 Ut
961 2018 1065 2042 moros
1090 2008 1232 2042 fidelium

209 2059 288 2100 Igne
312 2058 414 2090 sancti
440 2057 572 2098 spiritus
889 2056 1056 2090 Reformet
1076 2058 1117 2090 ad
1141 2057 1322 2099 pristinum,

258 2106 325 2139 Sibi
351 2115 407 2139 vas
433 2106 567 2149 dotaret‚
938 2104 1091 2146 Morsque
1111 2106 1281 2139 relevetur.

149 2177 182 2210 2.
207 2174 340 2207 Electus
366 2182 405 2206 ex
428 2172 556 2205 milibus
832 2175 864 2207 4.
890 2173 954 2206 Hic
978 2173 1061 2214 pluit
1085 2173 1266 2216 virtutibus,

206 2222 415 2255 Bernhardus
437 2220 588 2254 fidelibus
882 2221 1047 2263 ‘Coruscat
1068 2222 1233 2265 miraculis

253 2270 377 2312 Dignus
402 2270 572 2310 reperitur,
939 2269 1042 2302 Divae
1063 2271 1249 2316 majestatis,

206 2319 252 2351 Et
276 2322 312 2351 ut
335 2326 447 2351 aurum
472 2318 615 2350 obrizum
895 2317 1030 2358 Scriptis
1056 2320 1088 2351 et
1112 2318 1309 2351 sermonibus

207 2362 260 2400 Ex
283 2367 404 2399 virtute
427 2365 557 2406 rutilum
894 2365 946 2397 Ex
969 2366 1048 2398 riuis
1073 2367 1267 2399 coelestibus

204 2430 228 2445 ,ν
256 2414 363 2447 Patris
389 2414 558 2455 expolitur.
942 2413 1016 2446 Sibi⁴
1035 2414 1207 2447 distillatis.
