1653 2637
740 135 975 173 -71-

605 229 657 262 111.
691 231 734 263 De
755 231 876 273 septem
897 231 1022 264 Gaudiis
1041 230 1129 264 Btrv.

755 300 805 330 Ad
823 300 981 339 Vesperas.

471 366 502 400 1.
528 367 656 401 Laudes
681 373 856 410 perpetuae
882 371 1038 412 dignaque
1061 370 1204 411 praemia

528 416 687 449 Inducunt
712 419 833 451 animos
859 419 976 459 gaudia
999 426 1156 459 promere,

527 464 612 496 Nam
634 468 763 499 sanctus
789 467 921 499 Gabriel
944 467 1071 499 nuntiat
1093 466 1241 506 angelus:

527 511 640 545 Dulcis
664 518 777 558 mater,
803 524 871 555 ave,
899 515 942 547 sit
965 514 1025 546 tibi
1049 513 1162 555 gratia.

472 579 502 612 2.
528 578 574 610 Et
599 582 731 620 cognata
756 589 854 613 senex
877 580 1045 613 Elisabeth
1069 583 1125 613 tua

528 625 681 666 Concepit
704 636 838 667 puerum
862 637 989 668 semper
1012 627 1191 668 amabilem,

529 674 741 715 Applaudens
766 676 864 716 igitur
887 680 990 708 mater
1013 676 1046 708 in
1070 675 1190 708 intimis

529 721 657 753 Montes
683 721 832 755 difficiles
858 724 1014 756 scandere
1038 724 1160 757 nititur.

469 788 501 820 3.
527 788 566 820 In
589 788 693 820 noctis
717 789 823 821 medio
845 790 987 822 nascitur
1011 791 1143 830 insuper

526 835 644 868 Rector
668 839 841 877 perpetuus
867 838 998 878 virginis
1021 838 1161 877 inclitae,

525 884 717 924 Incorrupta
740 888 869 917 manent
895 886 1033 918 candida
1058 886 1193 925 viscera,

526 930 733 971 Congaudent
756 933 853 973 parili
877 934 1013 974 angelici
1035 932 1134 965 chori.

469 998 501 1031 4.
527 997 676 1030 Ducebat
699 999 834 1031 rutilans
858 1000 925 1031 sole
949 1000 1117 1032 micantior

525 1045 629 1086 Reges
652 1046 747 1078 stella
767 1047 839 1086 pios
863 1048 967 1080 visere
991 1048 1169 1090 parvulum,

526 1093 690 1133 Conceptu
714 1103 848 1134 puerum
871 1096 1013 1136 virgineo
1037 1098 1148 1138 satum,

524 1141 569 1172 Et
592 1144 758 1181 praestant
780 1142 916 1175 Domino
941 1152 1073 1175 munera
1097 1142 1244 1184 plurima.

464 1209 494 1241 5.
522 1208 655 1241 Certant
680 1209 852 1241 dulcisonis
877 1212 974 1250 astra,
1001 1210 1112 1251 solum,
1138 1215 1226 1241 mare

523 1255 722 1295 Hymnorum
744 1257 880 1289 modulis
905 1258 1045 1297 psallere
1068 1257 1218 1298 principi,

522 1303 607 1335 Dum
632 1305 735 1344 surgit
758 1305 878 1337 tumulo
905 1305 1050 1339 Christus
1076 1309 1108 1337 et
1131 1304 1228 1337 inferi

523 1351 609 1383 Dum
632 1350 754 1392 frangit
776 1353 900 1392 pariter
924 1353 1031 1385 tristia
1055 1356 1188 1386 tartara.

464 1419 494 1451 6.
521 1418 679 1450 Ascendit
702 1428 834 1459 superos
860 1419 982 1451 arbiter
1005 1420 1152 1460 omnium,

521 1466 575 1498 Ad
602 1466 747 1498 dextram
771 1467 915 1499 residens
939 1467 1074 1507 ingeniti
1098 1468 1210 1512 patris,

522 1513 632 1554 Spirat
657 1514 855 1547 Christicolis
879 1515 998 1547 lumine
1021 1514 1165 1547 flammeo

521 1562 671 1595 Sanctum
698 1563 739 1594 de
762 1563 868 1603 patrio
893 1566 1025 1604 pectore
1048 1563 1207 1604 spiritum.

462 1630 492 1662 7.
518 1630 661 1662 Tandem
689 1629 840 1670 virgineis
865 1632 969 1662 mater
993 1630 1165 1663 honoribus

522 1676 675 1709 Coelestis
701 1677 773 1709 solii
798 1681 909 1710 sancta
935 1679 1098 1711 cacumina

521 1725 735 1757 Transcendit
756 1726 907 1767 Jubilans,
932 1736 1109 1767 magnaque
1134 1726 1246 1767 gloria,

522 1774 637 1813 Ingens
661 1773 730 1805 laus
757 1776 788 1805 et
812 1774 914 1806 honor
938 1775 981 1806 sit
1004 1775 1074 1815 tibi,
1100 1774 1237 1807 trinitas

273 1849 392 1886 Antiph.
412 1856 465 1877 ms.
488 1848 674 1877 Calcariense
694 1857 769 1877 saec.
792 1847 836 1877 16.
878 1849 947 1877 Cod.
966 1849 1054 1878 Arch.
1076 1849 1236 1878 Calcarien.
1257 1850 1291 1877 A.
1316 1849 1358 1878 14.

588 1942 645 1974 112.
675 1942 719 1974 De
739 1943 858 1984 septem
880 1943 1007 1975 Gaudiis
1027 1944 1116 1975 BMV.

725 2012 811 2042 Alius
830 2011 973 2051 Hymnus.

458 2082 488 2115 1.
516 2082 624 2123 Virgo,
653 2083 728 2115 dum
752 2083 881 2116 scandis
906 2092 1039 2124 superos
1065 2085 1198 2127 meatus,

514 2131 632 2171 Angeli
656 2131 762 2164 laudis
788 2132 953 2172 cytharam
977 2133 1150 2174 resolvunt,

512 2179 556 2212 Et
581 2188 679 2220 super
703 2182 830 2212 sanctos
855 2181 1017 2213 veneraris
1043 2189 1160 2220 omneS,

609 2227 729 2261 Sancta
751 2228 868 2262 Maria.

456 2297 489 2328 2.
515 2295 606 2328 Sicut
629 2296 678 2328 sol
703 2296 789 2328 lucet
813 2296 920 2337 gelida
945 2305 1055 2329 sorore

515 2343 641 2377 Clarior
665 2344 805 2385 Phoebe,
830 2347 886 2376 tua
910 2344 957 2376 sic
981 2344 1119 2386 refulget

515 2393 653 2427 Claritas
677 2393 805 2434 longum
830 2393 955 2433 superis
979 2402 1039 2434 per
1064 2402 1186 2435 aevum,

612 2440 730 2474 Sancta
754 2441 871 2476 Maria.
