1653 2637
694 136 953 171 —240—

174 236 205 267 5,
229 233 333 266 Cincti
356 232 434 266 fune
458 234 640 274 importune

275 282 437 314 Teruntur
461 290 549 314 more
573 282 705 320 scoriae,

228 329 249 361 J
252 337 315 369 esu,
341 330 439 361 letum
462 329 562 369 aufer,
587 331 715 370 metum,

277 376 493 416 Splendor
540 380 750 416 paternae

569 424 747 464 gloriae.

173 483 204 515 6.
230 480 335 513 Vitam
358 490 471 522 puram
497 485 530 514 et
553 489 696 513 securam

278 529 438 561 Victorum
464 529 667 568 interemptio

228 575 338 616 Ferat,
364 584 486 616 pacem,
513 584 593 616 auge
616 574 731 615 facem,

277 623 394 665 Jesu,
427 627 576 656 nostra
600 624 795 662 redemp-

565 670 636 704 tio,

856 232 874 266 7
881 256 888 264 .
914 230 1110 270 Videntium,
1135 230 1310 264 tacentium

961 279 1053 310 More
1081 280 1251 319 tyrannum
1276 278 1405 316 adeunt,

914 325 1002 358 Fluit
1026 326 1123 365 unda,
1151 325 1244 357 rubet
1268 325 1397 363 munda,

961 373 1135 407 vexilla
1194 372 1309 412 regis
1358 380 1457 411 pro-

1255 420 1397 452 deuna

855 480 887 513 8.
912 477 1005 510 Nunc
1030 477 1176 520 victores,
1206 476 1425 515 conductoreS,

960 526 1045 558 Iram
1071 523 1195 556 auferte
1218 523 1344 567 perfidi,

913 573 982 605 Nos
1007 573 1136 613 tuendo,
1162 572 1343 604 inducendo

960 621 1023 653 Ad
1058 628 1227 652 coenam
1252 619 1355 699 ἓξὲξ
1382 625 1481 657 pro-

247 744 332 771 Brev.
353 753 406 772 ms.
430 745 616 773 Francisean.
638 746 709 773 anni
729 742 813 772 1492.
849 744 920 772 Olm.
939 744 1094 771 Monacen.
1113 739 1222 770 23152.
1243 757 1281 761 —
1301 739 1328 775 3,
1350 739 1367 768 1
1386 740 1483 777 Reges

172 783 281 810 Christi
302 791 409 810 coram.
430 796 465 801 —-
486 781 513 817 3,
534 781 551 810 2
565 783 768 820 Alligansque.
788 799 826 802 —
845 781 873 816 4,
897 779 911 808 1
931 782 1004 809 furit
1022 781 1089 808 tiro.
1109 795 1147 799 —
1163 780 1191 814 4,
1212 777 1230 807 3
1245 780 1430 807 condesount.
1445 795 1482 798 —

170 818 196 855 5,
218 818 236 846 2
257 829 352 848 mores
373 822 480 848 coriae.
501 835 538 840 —
559 819 585 855 8,
607 820 625 848 2
646 822 752 850 afferte.

605 942 673 973 426.
703 942 747 973 De
766 943 873 973 sancto
891 941 1042 972 Materno.

170 1019 201 1054 1,
227 1019 281 1051 Ad
306 1020 457 1052 honorem
483 1021 666 1064 conditoris,

279 1067 337 1099 Cui
360 1067 473 1100 vivunt
497 1069 611 1108 omnia,

229 1113 319 1145 Diem
344 1115 451 1154 magni
475 1114 664 1147 confessoris

279 1161 423 1194 Celebret
450 1163 593 1201 ecclesia,

229 1208 265 1240 In
293 1218 352 1249 quo
376 1217 486 1241 cursus
513 1214 545 1242 et
568 1210 688 1242 laboris

274 1256 336 1287 Est
360 1257 495 1296 adeptus
521 1258 674 1297 praemia.

171 1314 202 1346 2.
229 1312 370 1344 Primum
394 1313 447 1345 hic
470 1314 714 1354 praeordinatus

276 1360 393 1393 Divina
419 1362 596 1402 clementia,

227 1407 281 1439 Ad
308 1407 482 1440 Germanos
509 1409 684 1441 destinatus

277 1455 365 1487 Petri
394 1456 607 1496 providentia,

228 1501 317 1534 Binis
343 1502 405 1534 fuit
428 1505 566 1535 sociatus

276 1549 489 1582 Praedicandi
513 1550 626 1591 gratia.

174 1607 205 1639 3.
232 1605 291 1644 Qui
315 1606 465 1638 insistens
491 1607 572 1639 votis
597 1608 701 1646 plenis

275 1654 436 1686 Sermonis
461 1653 575 1696 officio,

230 1701 463 1740 Praegravatus
488 1702 599 1734 mortis
624 1702 735 1741 poenis

278 1748 402 1788 Raptus
428 1752 476 1780 est
502 1750 540 1781 de
565 1750 670 1783 medio

228 1794 273 1826 Et
298 1796 408 1828 diebus
433 1799 545 1836 quater
572 1797 660 1829 denis

276 1843 396 1876 Terrae
420 1846 526 1877 tentus
551 1846 679 1885 gremio.

854 1023 886 1053 4.
912 1019 977 1052 Sed
1002 1030 1021 1052 a
1045 1022 1148 1051 morte
1172 1019 1343 1051 suscitatus

961 1067 1060 1100 Sacro
1084 1067 1175 1099 Petri
1197 1066 1323 1106 baculo,

913 1114 975 1146 Est:
996 1117 1045 1147 tot
1068 1115 1159 1146 annis
1185 1114 1314 1154 praesul
1340 1114 1442 1154 datus,

962 1162 1060 1201 Quem
1086 1161 1251 1202 convertit,
1277 1161 1406 1201 populo,

912 1209 994 1248 Quot
1019 1209 1130 1242 diebus
1155 1210 1208 1241 hic
1231 1209 1377 1240 humatus

961 1257 1080 1289 Fuerat
1104 1257 1137 1288 in
1162 1257 1294 1289 tumulo.

855 1317 885 1348 5.
912 1314 1057 1346 Tandem
1083 1322 1177 1345 cursu
1204 1314 1418 1345 consummato

961 1361 1083 1402 Corpus
1109 1371 1128 1393 a
1153 1360 1391 1401 Tungrensibus

913 1408 1100 1449 Expetitum
1125 1409 1257 1449 planctu
1280 1411 1370 1448 grato

960 1457 1006 1489 Et
1031 1455 1270 1489 Coloniensibus

911 1504 1023 1536 Rheno
1048 1513 1172 1535 sursum
1199 1503 1359 1543 obliquato

958 1551 1063 1583 Datur
1088 1550 1342 1584 Trevirensibus.

855 1610 886 1641 6.
913 1607 1012 1639 Serve
1033 1607 1094 1640 Dei
1118 1607 1310 1647 praeelecte,

960 1656 1030 1687 Tua
1053 1664 1112 1694 per
1136 1655 1287 1695 suffragia

914 1703 938 1735 O
965 1703 1122 1743 Materne,
1148 1703 1251 1735 Deum
1276 1701 1368 1735 flecte

960 1751 1137 1791 Impetrata
1161 1750 1263 1792 venia,

915 1798 982 1830 Nos
1008 1798 1120 1830 salutis
1146 1801 1181 1830 ut,
1205 1797 1370 1839 perfectae

964 1845 1200 1885 Consequamur
1225 1846 1351 1885 gaudia.

248 1907 333 1935 Brev.
364 1917 416 1936 ms.
441 1909 612 1946 Tungrense
641 1919 716 1938 saec,
743 1908 788 1937 15.
834 1910 902 1938 God.
932 1909 1041 1938 Semin.
1065 1910 1204 1938 Leodien.
1232 1908 1249 1937 6
1274 1911 1307 1938 Μ
1330 1910 1358 1938 2.
1385 1911 1419 1938 A.
1445 1927 1484 1932 -—

173 1945 292 1981 Antiph.
322 1955 375 1974 ms.
405 1946 576 1983 Tungrense
606 1956 680 1976 saec.
708 1945 751 1976 15.
799 1948 867 1976 Cod.
893 1949 1040 1984 Tungren.
1071 1949 1122 1975 IV.
1148 1949 1180 1976 B.
1209 1963 1248 1968 —
1276 1949 1397 1985 Antiph.
1430 1959 1483 1977 ms.

174 1983 359 2012 Calcariense
373 1992 448 2012 saec.
465 1984 508 2012 16.
541 1985 609 2012 Cod.
624 1986 712 2013 Arch.
728 1986 890 2014 Calcarien.
904 1986 931 2013 A
947 1985 989 2014 14.
1003 1989 1033 2015 G.
1047 2000 1084 2004 —
1098 1987 1218 2023 Antiph.
1232 1996 1284 2014 ms.
1295 1987 1483 2015 Franciscan.

172 2029 247 2048 saec.
271 2019 313 2049 16.
355 2022 423 2049 Cod.
443 2022 611 2051 Bruxellen.
633 2022 715 2052 6433.
736 2024 773 2051 D.
794 2039 831 2043 —-
850 2023 877 2059 4,
898 2022 918 2051 4
937 2026 1079 2061 populum
1100 2025 1131 2052 Ο.

607 2143 673 2174 427.
703 2143 748 2175 De
769 2146 876 2176 sancto
896 2144 1053 2177 mauritio.

175 2224 206 2256 1.
233 2222 334 2254 Dulce
359 2230 487 2253 carmen
512 2225 544 2253 et
568 2223 728 2255 melodum

281 2270 430 2309 canimuS,
458 2277 540 2310 ecce,
567 2269 635 2310 tibi,

233 2317 257 2349 O
282 2317 377 2349 beate
400 2319 523 2357 martyr
549 2315 676 2361 Christi,

282 2364 451 2397 candidate
475 2364 617 2397 Mauriti.

857 2225 891 2256 2.
916 2223 1007 2255 Nihil
1030 2223 1162 2264 dignum
1184 2227 1296 2257 nostra
1319 2228 1439 2268 valent,

962 2272 1091 2311 optime,

916 2319 1131 2359 Compensare
1154 2320 1318 2354 servitutis

962 2370 994 2398 et
1017 2367 1145 2399 honoris

918 2413 1024 2447 Corda
1054 2415 1117 2447 tuis
1142 2415 1313 2457 obsequiis.
