1653 2637
707 140 941 175 -31—

187 238 218 270 9.
247 236 362 270 Clavus
388 237 485 269 corda
507 237 682 270 crudelium
860 238 914 271 11.
930 238 954 271 O
980 240 1081 269 mater
1104 236 1297 279 beatissima,

245 284 379 318 Scindat
404 288 436 317 et
457 285 576 316 reddat
599 285 694 318 avida
930 286 1018 317 Tuae
1042 286 1170 317 sanctae
1194 284 1346 324 reliquiae

244 332 297 364 Ad
322 333 409 372 pium
437 332 629 364 desiderium
929 333 1069 373 Implent
1093 332 1190 364 corda
1212 332 1343 370 laetitia,

242 380 286 412 Et
308 381 348 412 ad
375 380 557 421 plangenda
582 381 714 413 vulnera
931 381 1069 413 Cunctae
1090 381 1270 419 liquescunt
1292 380 1423 411 animae.

176 438 230 471 10.
249 437 377 477 Christi,
403 438 436 469 in
463 437 551 476 cujus
575 438 720 470 manibus
860 438 913 471 12.
928 438 973 470 Et
996 447 1054 478 pro
1079 437 1197 469 sanctis
1222 436 1374 476 apostolis

245 485 345 518 Fixus
370 484 432 517 fuit
456 485 633 524 durissime,
928 485 1027 518 Simul
1056 488 1088 516 et
1111 492 1169 525 pro
1193 484 1386 524 martyribus

246 532 315 564 Nec
339 533 442 565 minus
467 532 500 564 in
524 533 697 565 visceribus
930 533 1047 565 Civitas
1073 537 1122 565 est
1144 532 1177 564 in
1203 531 1355 572 cymbalis

246 580 328 612 Suae
352 580 463 612 matris
488 581 715 613 sanctissimae.
928 581 1004 613 Cum
1029 580 1153 622 gaudiis
1178 579 1372 611 sonantibus.

544 637 599 671 13.
627 637 737 669 Gloria
761 637 830 670 Deo
855 637 1000 676 Domino,

628 685 717 716 Patri
742 688 879 725 natoque
899 686 1032 725 virginis

629 733 708 765 Cum
734 733 850 772 spiritu
874 733 1029 772 paraclito

627 779 666 811 1n
691 783 854 812 aeternum
879 790 899 812 a
923 781 1067 813 saeculis.

252 840 321 867 Cod.
341 841 494 868 Bai-barin.
514 840 558 868 XI
580 838 616 868 95
637 848 712 868 saec.
737 839 781 868 15.
801 856 838 860 —
859 839 885 875 3,
908 840 923 868 1
944 841 999 869 lies
1020 843 1070 877 qui
1090 841 1262 869 Franciam?

637 932 684 965 39.
714 934 757 965 De
778 933 946 974 sepulchro
969 934 1025 965 DN.

719 1000 767 1029 Ad
787 1000 943 1038 Vesperas.

350 1065 381 1098 1.
408 1063 546 1097 Victima
569 1064 739 1103 paschalis,
768 1064 897 1096 dulcore
921 1064 988 1096 Deo
1014 1064 1172 1105 specialis,

451 1112 519 1150 Qua
542 1120 701 1151 nunquam
727 1112 863 1143 Domino
891 1112 1014 1144 dulcior
1037 1113 1104 1145 ulla
1129 1110 1199 1152 fuit,

347 1170 378 1203 2.
404 1170 466 1202 Est
489 1168 570 1200 bene
594 1172 670 1201 tunc
695 1168 789 1211 frixa,
816 1170 889 1202 dum
914 1179 1009 1202 carne
1031 1168 1093 1201 fuit
1117 1168 1276 1209 crucifixa,

449 1215 607 1247 Exanime
633 1225 747 1256 corpus
773 1218 906 1257 pertulit
931 1226 1006 1249 arca
1030 1226 1096 1251 sua.

345 1275 375 1308 3.
403 1273 544 1313 Virginis
568 1276 603 1304 ut
629 1282 742 1314 corpus
764 1275 954 1314 pertransiit
977 1275 1033 1306 ille
1058 1275 1269 1315 sepulchrum,

449 1320 609 1353 Passibile
633 1325 745 1361 mater,
771 1323 832 1354 hoc
854 1323 922 1354 siue
945 1326 1048 1354 morte
1074 1322 1171 1355 dedit.

343 1380 375 1411 4.
402 1378 465 1411 Ina
491 1379 724 1418 redemptorem
749 1380 902 1419 pariendo
929 1381 1062 1412 contulit
1086 1379 1165 1421 orbi,

447 1426 644 1466 Regnantem
671 1427 750 1459 coeli
776 1427 920 1459 subdidit
944 1428 1001 1459 illa
1025 1429 1108 1467 polo.

343 1485 373 1517 5.
400 1483 580 1523 Utrobique
605 1486 710 1516 tamen
735 1485 912 1524 permansit
934 1488 966 1515 et
986 1484 1165 1517 Ezechielis

445 1531 543 1563 Porta
562 1531 625 1563 Dei
649 1532 767 1572 clausa,
793 1532 932 1573 gaudeat
957 1532 1043 1564 orbis
1069 1533 1107 1565 ei.

342 1589 374 1621 6.
400 1588 498 1629 Virgo
523 1589 606 1629 gerit
628 1590 777 1630 pugilem,
807 1590 961 1622 victorem
986 1591 1122 1623 contulit
1144 1598 1227 1628 arca,

442 1637 635 1677 Incorrupta
660 1638 758 1677 prior,
785 1638 895 1670 tumba
920 1637 1044 1670 foetore
1069 1639 1147 1671 sine.

342 1696 372 1727 7.
401 1694 512 1727 Gloria
537 1695 577 1726 sit
602 1695 749 1736 Domino,
776 1696 829 1735 qui
854 1704 945 1728 sacro
970 1696 1085 1728 claruit
1110 1697 1211 1735 antro,

445 1741 591 1774 Flamine
615 1752 686 1775 cum
711 1747 820 1775 sancto
844 1744 925 1784 laus,
954 1744 1048 1776 decus
1074 1746 1168 1784 atque
1192 1743 1287 1783 patri.

242 1802 327 1830 Brev.
353 1812 407 1831 ms.
433 1803 678 1831 “Wratislaviense
710 1812 785 1831 saec.
812 1802 857 1831 15.
898 1804 966 1832 Cod.
993 1805 1080 1833 (sivit.
1100 1803 1234 1832 Wratisl.
1261 1804 1301 1831 M.
1333 1802 1412 1832 1155.
1441 1818 1477 1822 —

168 1838 195 1874 4,
218 1838 235 1868 2
256 1841 438 1878 Regnantem
458 1841 589 1869 coelibus
612 1842 667 1869 IIs.
689 1858 726 1862 —
746 1841 770 1875 6,
792 1840 810 1869 2
829 1842 871 1869 Et
889 1846 1026 1879 corrupta
1045 1845 1125 1879 prior
1145 1842 1198 1869 Hs.

632 1934 681 1965 40.
710 1934 755 1965 De
774 1934 944 1975 Sepulcliro
965 1936 1021 1967 DN.

666 2003 715 2033 Ad
738 2003 975 2042 Completorium.

303 2073 332 2105 1.
360 2071 484 2104 Tumba
508 2080 633 2104 sacrum
660 2073 749 2105 novit
771 2074 853 2106 illud
878 2083 961 2106 nova
986 2075 1135 2107 claudere
1160 2083 1284 2117 corpus,

406 2120 550 2153 Alterius
574 2121 663 2161 virgo
689 2124 823 2162 postque
847 2131 907 2154 nec
931 2125 1005 2155 ante
1030 2123 1113 2155 tulit.

296 2180 326 2211 2.
352 2178 479 2210 Nobilis
505 2187 522 2210 ο
547 2178 666 2219 tumba,
694 2180 893 2212 sanctissime
919 2180 1044 2213 Christe
1068 2180 1202 2221 sepulte,

404 2227 454 2259 Tu
478 2225 623 2267 benedic,
651 2228 751 2268 salva,
780 2227 905 2260 Christe
931 2229 1064 2271 sepulte,
1089 2230 1176 2269 juva.

299 2286 329 2318 3.
358 2285 467 2325 Virgo,
493 2283 596 2316 Deum
622 2285 725 2326 placa,
753 2295 833 2326 quae
858 2287 946 2327 virgo
970 2286 1073 2319 Deum
1099 2287 1245 2328 genuisti,

404 2333 528 2365 Tumba
551 2334 670 2366 malum
695 2334 791 2375 mina,
820 2335 981 2367 daemonis
1008 2335 1091 2367 abde
1114 2335 1226 2367 minas

301 2393 334 2424 4.
361 2391 385 2424 O
411 2399 508 2429 rnorS,
534 2395 637 2423 morte
661 2394 718 2424 tua
741 2395 875 2424 mortem
901 2392 985 2426 bona
1008 2392 1216 2436 mortificasti,

401 2439 478 2474 Vita
503 2436 638 2485 [tumba]
664 2442 720 2473 tua
745 2441 853 2474 vivida
878 2444 992 2474 cuncta
1016 2440 1106 2476 facis,
