1653 2637
743 140 1000 176 —104—

615 240 644 273 7.
671 239 764 271 Doxa
787 238 872 277 patri
896 245 1026 276 summo,

672 285 757 317 Laus
782 285 922 324 aequalis
946 287 1020 315 nato

672 332 749 365 Cum
773 332 888 371 spiritu
911 333 1020 363 sancto

670 380 763 411 Nunc
791 382 822 410 et
846 379 879 410 in
901 381 1074 410 aeternum.

291 447 399 482 Hymn.
420 455 473 473 ms.
492 446 699 482 Egssmontensis
719 452 795 471 saec.
816 441 891 471 ¹5s16.
932 443 1002 471 Ood.
1024 442 1139 478 Hagen.
1158 443 1187 470 X
1210 440 1272 469 142.

655 536 715 567 162.
746 536 788 567 De
809 536 916 566 sancto
937 534 1084 566 Adriano.

762 603 809 632 Ad
828 603 967 633 Tertiam.

217 666 248 698 1.
274 664 401 703 Martyr
426 662 546 695 Christi
569 663 723 702 Adriane,
892 664 922 694 3.
949 662 1081 693 Athleta
1105 659 1243 692 fundens
1270 660 1456 700 sanguinem

272 711 367 742 Miles
392 709 484 742 fortis
510 712 541 740 et
561 710 681 750 inclite,
953 709 1016 740 Pro
1043 708 1169 740 Christo
1195 708 1298 740 victor
1323 707 1463 739 nobilem

274 758 351 789 Tuis
377 758 483 789 edocti
506 757 633 788 monitis
948 756 1090 795 Regnum
1116 755 1271 787 scandisti
1294 755 1450 794 polorum,

273 805 414 837 Vitemus
438 805 519 835 iram
540 804 667 843 J'udicis.
949 803 1148 843 Regnaturus
1173 803 1207 834 in
1232 805 1405 834 aeternum.

215 863 246 894 2.
274 861 408 901 Gregem
433 863 523 892 tuere
547 861 720 900 proprium,
894 861 925 893 4.
953 859 1123 892 Precamur
1148 867 1255 890 omnes
1280 859 1401 898 sedule,

273 909 406 940 Hostem
431 908 552 947 repelle
574 908 763 947 improbum,
952 906 1064 946 Nobis,
1090 906 1192 946 beate,
1219 906 1360 946 subveni,

271 957 317 989 Ut
343 956 475 987 caritate
500 953 617 986 fervidi
953 953 1019 992 Quo
1043 953 1104 985 tibi
1128 954 1227 985 melos
1253 953 1373 992 gloriae

271 1003 443 1034 Vincamus
467 1004 552 1034 artes
576 1002 688 1035 invidi.
952 1000 1130 1040 Pangamus
1155 1001 1240 1032 omni
1263 1003 1415 1040 tempore.

564 1059 595 1091 5.
621 1058 707 1089 Laus
731 1058 774 1089 sit
798 1057 924 1097 parenti
948 1057 1093 1097 Domino,

615 1105 743 1137 Laudes
770 1113 916 1136 canamus
941 1105 1045 1144 unico,

614 1152 699 1184 Laus
723 1152 889 1191 utriusque
913 1149 1033 1183 flamini

615 1199 652 1231 In
676 1199 804 1230 saecula
828 1198 994 1232 laudabili.

283 1262 362 1290 Orat.
382 1272 433 1290 ms.
455 1271 529 1291 saec.
552 1262 588 1291 14
606 1265 638 1290 in
659 1264 728 1291 Cod.
750 1263 1006 1298 Guelfenbyteran.
1027 1261 1102 1290 1544
1120 1262 1169 1297 (H.
1194 1260 1285 1296 1420).

640 1354 700 1385 163.
730 1354 773 1385 De
793 1355 900 1385 sancto
921 1354 1070 1385 Adriano.

209 1415 237 1445 1.
266 1414 380 1447 Sancte
403 1415 530 1454 Martyr
555 1415 707 1455 Adriane,
884 1417 915 1447 3.
943 1414 1056 1446 Laude
1082 1415 1178 1454 dig-na
1201 1417 1237 1446 tu
1260 1415 1418 1455 probaris,

267 1461 361 1492 Miles
387 1462 506 1494 Christi
529 1462 649 1502 inclite,
940 1461 1024 1494 Nam
1049 1471 1069 1494 a
1092 1462 1160 1494 Deo
1186 1463 1349 1495 veneraris

263 1508 331 1539 Tua
356 1517 451 1548 prece
476 1509 698 1541 commendare
942 1510 1009 1542 Usa
1030 1510 1099 1549 ¹iugi
1123 1510 1238 1549 gaudio

262 1556 328 1587 Nos
352 1558 388 1586 tu
411 1555 479 1587 Deo
504 1558 623 1596 satage,
938 1557 977 1589 In
1002 1557 1082 1588 coeli
1105 1557 1236 1597 palatio,

261 1602 306 1634 Ut
329 1611 387 1641 pro
412 1612 469 1634 sua
494 1603 661 1634 clementia
938 1604 1000 1635 Pro
1026 1606 1135 1635 curtae
1159 1613 1281 1643 poenae
1306 1606 1449 1644 praemio

261 1648 379 1680 Nostra
406 1650 494 1681 laxet
517 1650 649 1682 scelera.
937 1651 1056 1683 Potiris
1085 1660 1177 1683 sacra
1197 1652 1318 1685 laurea.

201 1707 231 1737 2.
263 1705 351 1737 Votis
377 1706 494 1737 nostris
519 1715 633 1746 annue,
878 1708 910 1740 4.
936 1706 1003 1738 Nos
1028 1707 1105 1738 licet
1128 1716 1235 1738 sumus
1259 1708 1383 1748 indigni

258 1752 282 1784 O
308 1757 343 1784 tu
368 1753 479 1784 cohors
503 1753 607 1794 beata,
937 1753 980 1785 Et
1003 1754 1036 1785 in
1062 1755 1140 1785 actis
1165 1757 1230 1786 tam
1255 1756 1389 1796 maligni

257 1799 340 1831 Huic
363 1800 397 1831 in
421 1801 574 1840 martyrio
935 1802 985 1832 Ac
1008 1801 1125 1841 ingrati
1150 1802 1279 1843 servuli,

257 1849 366 1887 Aeque
392 1850 583 1887 comparata,
935 1848 1059 1880 Vestris
1084 1849 1316 1881 interventibus

256 1894 375 1926 Nostra
399 1895 482 1934 quod
504 1895 637 1926 intentio
935 1895 1065 1927 Placate
1090 1896 1194 1928 Deum
1219 1898 1323 1941 citius,

254 1941 327 1973 Fiat
352 1941 420 1973 Deo
446 1944 546 1981 grata.
933 1942 979 1975 Ut
1002 1943 1093 1975 nobis
1120 1944 1164 1975 sit
1186 1945 1358 1984 propitius.

523 1999 555 2030 5.
582 2000 638 2039 Te,
664 2007 784 2030 summe
808 1999 904 2040 Deus,
931 2000 1078 2040 petimus,

581 2046 701 2078 Favete
725 2046 842 2078 nostris
867 2046 1024 2089 precibus,

583 2093 730 2133 Remitte,
757 2102 838 2133 quae
863 2094 1083 2135 commisimus,

578 2140 629 2172 Ea
652 2140 769 2172 luendo
793 2141 901 2172 mitius

578 2187 621 2218 Et
645 2189 719 2227 post
742 2188 827 2219 vitae
852 2188 1011 2221 curricula

580 2234 645 2266 Nos
675 2235 802 2267 coelicis
827 2236 958 2268 associa.

267 2298 385 2333 Antiph.
410 2307 464 2325 ms.
485 2298 514 2326 S.
534 2300 648 2326 Mariae
667 2300 829 2335 Trajecten.
856 2309 932 2328 saec.
958 2299 1001 2329 13.
1042 2301 1111 2329 Cod.
1132 2303 1319 2339 Ultrajeetin.
1345 2304 1412 2334 406.
1433 2308 1500 2336 add.

192 2344 268 2364 saec.
298 2333 341 2363 15.
361 2336 396 2363 A.
416 2351 452 2355 —
472 2336 592 2373 Antiph.
616 2346 670 2365 ms.
691 2338 719 2366 S.
740 2339 853 2366 Mariae
872 2338 1035 2374 Trajecten.
1058 2348 1132 2368 saee-
1156 2340 1199 2369 14.
1222 2341 1293 2370 0011.
1313 2345 1499 2381 Ultrajectin.

190 2372 255 2402 407.
277 2373 342 2401 add.
363 2382 438 2402 saec.
461 2372 505 2402 15.
520 2375 552 2402 B.
573 2390 611 2393 —
630 2373 656 2410 2,
678 2375 695 2404 6
708 2377 834 2404 Domino
856 2379 941 2413 grata
953 2377 1013 2405 AB.
1034 2394 1071 2398 —
1092 2379 1177 2409 MeL:
1198 2381 1276 2409 Urbs
1291 2382 1379 2410 beata
1391 2384 1499 2413 Hieru-

190 2413 289 2440 salem.
