<?xml version="1.0" encoding="UTF-8"?>
<!DOCTYPE html PUBLIC "-//W3C//DTD XHTML 1.0 Transitional//EN"
    "http://www.w3.org/TR/xhtml1/DTD/xhtml1-transitional.dtd">
<html xmlns="http://www.w3.org/1999/xhtml" xml:lang="en" lang="en">
 <head>
  <title>
</title>
<meta http-equiv="Content-Type" content="text/html;charset=utf-8" />
  <meta name='ocr-system' content='tesseract 3.04.00' />
  <meta name='ocr-capabilities' content='ocr_page ocr_carea ocr_par ocr_line ocrx_word'/>
</head>
<body>
  <div class='ocr_page' id='page_1' title='image "./analectahymnica23drevuoft_00101.png"; bbox 0 0 1653 2637; ppageno 0'>
   <div class='ocr_carea' id='block_1_1' title="bbox 711 107 945 141">
    <p class='ocr_par' dir='ltr' id='par_1_1' title="bbox 711 107 945 141">
     <span class='ocr_line' id='line_1_1' title="bbox 711 107 945 141; baseline -0.009 -9"><span class='ocrx_word' id='word_1_1' title='bbox 711 107 945 141; x_wconf 49' lang='lat'>„98-</span> 
     </span>
    </p>
   </div>
   <div class='ocr_carea' id='block_1_2' title="bbox 371 198 1191 385">
    <p class='ocr_par' dir='ltr' id='par_1_2' title="bbox 371 198 1191 385">
     <span class='ocr_line' id='line_1_2' title="bbox 371 198 1187 246; baseline -0.015 -7"><span class='ocrx_word' id='word_1_2' title='bbox 371 208 402 239; x_wconf 85' lang='lat'>3.</span> <span class='ocrx_word' id='word_1_3' title='bbox 429 206 511 238; x_wconf 83' lang='lat' dir='ltr'>Nam</span> <span class='ocrx_word' id='word_1_4' title='bbox 536 213 646 246; x_wconf 85' lang='lat' dir='ltr'>aegros</span> <span class='ocrx_word' id='word_1_5' title='bbox 671 205 786 236; x_wconf 84' lang='lat' dir='ltr'>sanant</span> <span class='ocrx_word' id='word_1_6' title='bbox 806 205 839 234; x_wconf 81' lang='lat' dir='ltr'>et</span> <span class='ocrx_word' id='word_1_7' title='bbox 862 209 973 233; x_wconf 87' lang='lat' dir='ltr'>caecos</span> <span class='ocrx_word' id='word_1_8' title='bbox 997 198 1187 236; x_wconf 89' lang='lat' dir='ltr'>illuminant,</span> 
     </span>
     <span class='ocr_line' id='line_1_3' title="bbox 428 246 1141 293; baseline -0.014 -8"><span class='ocrx_word' id='word_1_9' title='bbox 428 252 567 293; x_wconf 85' lang='lat' dir='ltr'>Lepram</span> <span class='ocrx_word' id='word_1_10' title='bbox 593 252 765 290; x_wconf 88' lang='lat' dir='ltr'>depellunt,</span> <span class='ocrx_word' id='word_1_11' title='bbox 792 248 935 281; x_wconf 88' lang='lat' dir='ltr'>auditum</span> <span class='ocrx_word' id='word_1_12' title='bbox 960 246 1141 284; x_wconf 84' lang='lat' dir='ltr'>restituunt,</span> 
     </span>
     <span class='ocr_line' id='line_1_4' title="bbox 429 291 1191 339; baseline -0.013 -7"><span class='ocrx_word' id='word_1_13' title='bbox 429 300 584 339; x_wconf 84' lang='lat' dir='ltr'>Linguam</span> <span class='ocrx_word' id='word_1_14' title='bbox 607 298 770 330; x_wconf 87' lang='lat' dir='ltr'>resolvunt</span> <span class='ocrx_word' id='word_1_15' title='bbox 797 300 828 328; x_wconf 83' lang='lat' dir='ltr'>et</span> <span class='ocrx_word' id='word_1_16' title='bbox 853 295 1031 327; x_wconf 83' lang='lat' dir='ltr'>contractos</span> <span class='ocrx_word' id='word_1_17' title='bbox 1057 291 1191 335; x_wconf 76' lang='lat' dir='ltr'>erigunt,</span> 
     </span>
     <span class='ocr_line' id='line_1_5' title="bbox 429 339 1184 385; baseline -0.009 -6"><span class='ocrx_word' id='word_1_18' title='bbox 429 347 607 379; x_wconf 75' lang='lat' dir='ltr'>Daemones</span> <span class='ocrx_word' id='word_1_19' title='bbox 631 344 743 385; x_wconf 81' lang='lat' dir='ltr'>fugant</span> <span class='ocrx_word' id='word_1_20' title='bbox 769 343 995 381; x_wconf 81' lang='lat' dir='ltr'>defunctosque</span> <span class='ocrx_word' id='word_1_21' title='bbox 1019 339 1184 372; x_wconf 87' lang='lat' dir='ltr'>suscitant.</span> 
     </span>
    </p>
   </div>
   <div class='ocr_carea' id='block_1_3' title="bbox 370 398 1260 583">
    <p class='ocr_par' dir='ltr' id='par_1_3' title="bbox 370 398 1260 583">
     <span class='ocr_line' id='line_1_6' title="bbox 370 398 1028 437; baseline -0.012 -1"><span class='ocrx_word' id='word_1_22' title='bbox 370 404 403 437; x_wconf 82' lang='lat'>4.</span> <span class='ocrx_word' id='word_1_23' title='bbox 430 404 454 436; x_wconf 96' lang='lat' dir='ltr'>O</span> <span class='ocrx_word' id='word_1_24' title='bbox 479 402 680 434; x_wconf 58' lang='lat' dir='ltr'>venerandae</span> <span class='ocrx_word' id='word_1_25' title='bbox 705 400 875 432; x_wconf 88' lang='lat' dir='ltr'>earundem</span> <span class='ocrx_word' id='word_1_26' title='bbox 896 398 1028 435; x_wconf 86' lang='lat' dir='ltr'>animae,</span> 
     </span>
     <span class='ocr_line' id='line_1_7' title="bbox 429 444 1260 489; baseline -0.01 -7"><span class='ocrx_word' id='word_1_27' title='bbox 429 450 523 482; x_wconf 90' lang='lat' dir='ltr'>Hunc</span> <span class='ocrx_word' id='word_1_28' title='bbox 547 457 672 489; x_wconf 81' lang='lat' dir='ltr'>gregem</span> <span class='ocrx_word' id='word_1_29' title='bbox 698 449 840 479; x_wconf 86' lang='lat' dir='ltr'>nostrum</span> <span class='ocrx_word' id='word_1_30' title='bbox 866 448 898 476; x_wconf 87' lang='lat' dir='ltr'>et</span> <span class='ocrx_word' id='word_1_31' title='bbox 924 445 1070 477; x_wconf 90' lang='lat' dir='ltr'>devotum</span> <span class='ocrx_word' id='word_1_32' title='bbox 1096 444 1260 484; x_wconf 86' lang='lat' dir='ltr'>populum,</span> 
     </span>
     <span class='ocr_line' id='line_1_8' title="bbox 431 491 1092 529; baseline -0.011 0"><span class='ocrx_word' id='word_1_33' title='bbox 431 497 616 529; x_wconf 89' lang='lat' dir='ltr'>Studentem</span> <span class='ocrx_word' id='word_1_34' title='bbox 642 494 756 526; x_wconf 79' lang='lat' dir='ltr'>vestris</span> <span class='ocrx_word' id='word_1_35' title='bbox 781 492 928 525; x_wconf 86' lang='lat' dir='ltr'>laudibus</span> <span class='ocrx_word' id='word_1_36' title='bbox 954 491 1092 525; x_wconf 80' lang='lat' dir='ltr'>assiduis</span> 
     </span>
     <span class='ocr_line' id='line_1_9' title="bbox 434 540 969 583; baseline -0.006 -8"><span class='ocrx_word' id='word_1_37' title='bbox 434 543 609 583; x_wconf 88' lang='lat' dir='ltr'>Specialius</span> <span class='ocrx_word' id='word_1_38' title='bbox 636 542 785 581; x_wconf 88' lang='lat' dir='ltr'>adjuvate</span> <span class='ocrx_word' id='word_1_39' title='bbox 809 540 969 580; x_wconf 80' lang='lat' dir='ltr'>precibus,</span> 
     </span>
    </p>
   </div>
   <div class='ocr_carea' id='block_1_4' title="bbox 377 595 1132 780">
    <p class='ocr_par' dir='ltr' id='par_1_4' title="bbox 377 595 1132 780">
     <span class='ocr_line' id='line_1_10' title="bbox 377 595 1057 639; baseline -0.009 -6"><span class='ocrx_word' id='word_1_40' title='bbox 377 602 407 634; x_wconf 81' lang='lat'>5.</span> <span class='ocrx_word' id='word_1_41' title='bbox 432 600 471 632; x_wconf 83' lang='lat' dir='ltr'>In</span> <span class='ocrx_word' id='word_1_42' title='bbox 494 599 588 639; x_wconf 85' lang='lat' dir='ltr'>hujus</span> <span class='ocrx_word' id='word_1_43' title='bbox 612 598 722 630; x_wconf 80' lang='lat' dir='ltr'>mundi</span> <span class='ocrx_word' id='word_1_44' title='bbox 745 597 814 629; x_wconf 84' lang='lat' dir='ltr'>salo</span> <span class='ocrx_word' id='word_1_45' title='bbox 837 605 896 629; x_wconf 88' lang='lat' dir='ltr'>nos</span> <span class='ocrx_word' id='word_1_46' title='bbox 922 595 1057 638; x_wconf 82' lang='lat' dir='ltr'>dirigite,</span> 
     </span>
     <span class='ocr_line' id='line_1_11' title="bbox 428 643 1070 685; baseline -0.008 -6"><span class='ocrx_word' id='word_1_47' title='bbox 428 647 669 679; x_wconf 86' lang='lat' dir='ltr'>Adversitatum</span> <span class='ocrx_word' id='word_1_48' title='bbox 693 645 851 685; x_wconf 89' lang='lat' dir='ltr'>procellas</span> <span class='ocrx_word' id='word_1_49' title='bbox 879 643 1070 684; x_wconf 81' lang='lat' dir='ltr'>compescite</span> 
     </span>
     <span class='ocr_line' id='line_1_12' title="bbox 428 691 1132 733; baseline -0.007 -7"><span class='ocrx_word' id='word_1_50' title='bbox 428 694 470 726; x_wconf 85' lang='lat' dir='ltr'>Et</span> <span class='ocrx_word' id='word_1_51' title='bbox 495 696 568 733; x_wconf 88' lang='lat' dir='ltr'>post</span> <span class='ocrx_word' id='word_1_52' title='bbox 590 694 722 733; x_wconf 85' lang='lat' dir='ltr'>peracta</span> <span class='ocrx_word' id='word_1_53' title='bbox 745 695 794 724; x_wconf 79' lang='lat' dir='ltr'>tot</span> <span class='ocrx_word' id='word_1_54' title='bbox 816 691 960 724; x_wconf 85' lang='lat' dir='ltr'>laborum</span> <span class='ocrx_word' id='word_1_55' title='bbox 986 693 1132 731; x_wconf 85' lang='lat' dir='ltr'>tempora</span> 
     </span>
     <span class='ocr_line' id='line_1_13' title="bbox 430 738 1088 780; baseline -0.003 -7"><span class='ocrx_word' id='word_1_56' title='bbox 430 742 483 774; x_wconf 85' lang='lat' dir='ltr'>Ad</span> <span class='ocrx_word' id='word_1_57' title='bbox 508 744 633 780; x_wconf 87' lang='lat' dir='ltr'>portum</span> <span class='ocrx_word' id='word_1_58' title='bbox 658 748 752 772; x_wconf 83' lang='lat' dir='ltr'>verae</span> <span class='ocrx_word' id='word_1_59' title='bbox 777 739 887 771; x_wconf 86' lang='lat' dir='ltr'>salutis</span> <span class='ocrx_word' id='word_1_60' title='bbox 913 738 1088 778; x_wconf 88' lang='lat' dir='ltr'>perducite.</span> 
     </span>
    </p>
   </div>
   <div class='ocr_carea' id='block_1_5' title="bbox 373 794 1144 972">
    <p class='ocr_par' dir='ltr' id='par_1_5' title="bbox 373 794 1144 972">
     <span class='ocr_line' id='line_1_14' title="bbox 373 794 1094 837; baseline -0.006 -7"><span class='ocrx_word' id='word_1_61' title='bbox 373 799 405 830; x_wconf 92' lang='lat'>6.</span> <span class='ocrx_word' id='word_1_62' title='bbox 431 797 520 837; x_wconf 73' lang='lat' dir='ltr'>Quod</span> <span class='ocrx_word' id='word_1_63' title='bbox 546 796 636 829; x_wconf 83' lang='lat' dir='ltr'>nobis</span> <span class='ocrx_word' id='word_1_64' title='bbox 661 805 783 828; x_wconf 84' lang='lat' dir='ltr'>summa</span> <span class='ocrx_word' id='word_1_65' title='bbox 807 798 903 835; x_wconf 82' lang='lat' dir='ltr'>atque</span> <span class='ocrx_word' id='word_1_66' title='bbox 926 794 1094 827; x_wconf 87' lang='lat' dir='ltr'>individua</span> 
     </span>
     <span class='ocr_line' id='line_1_15' title="bbox 429 844 1144 885; baseline -0.004 -9"><span class='ocrx_word' id='word_1_67' title='bbox 429 844 571 877; x_wconf 83' lang='lat' dir='ltr'>Trinitas</span> <span class='ocrx_word' id='word_1_68' title='bbox 595 847 747 885; x_wconf 79' lang='lat' dir='ltr'>praestet,</span> <span class='ocrx_word' id='word_1_69' title='bbox 774 844 824 874; x_wconf 87' lang='lat' dir='ltr'>cui</span> <span class='ocrx_word' id='word_1_70' title='bbox 850 844 899 874; x_wconf 65' lang='lat' dir='ltr'>est</span> <span class='ocrx_word' id='word_1_71' title='bbox 923 844 956 873; x_wconf 76' lang='lat' dir='ltr'>et,</span> <span class='ocrx_word' id='word_1_72' title='bbox 977 844 1144 882; x_wconf 81' lang='lat' dir='ltr'>permanet</span> 
     </span>
     <span class='ocr_line' id='line_1_16' title="bbox 431 889 1093 931; baseline -0.006 -7"><span class='ocrx_word' id='word_1_73' title='bbox 431 893 578 924; x_wconf 79' lang='lat' dir='ltr'>Potestas</span> <span class='ocrx_word' id='word_1_74' title='bbox 603 900 713 931; x_wconf 87' lang='lat' dir='ltr'>aequa,</span> <span class='ocrx_word' id='word_1_75' title='bbox 739 891 808 922; x_wconf 89' lang='lat' dir='ltr'>laus</span> <span class='ocrx_word' id='word_1_76' title='bbox 835 893 866 921; x_wconf 81' lang='lat' dir='ltr'>et</span> <span class='ocrx_word' id='word_1_77' title='bbox 890 898 967 921; x_wconf 88' lang='lat' dir='ltr'>vera</span> <span class='ocrx_word' id='word_1_78' title='bbox 991 889 1093 929; x_wconf 87' lang='lat' dir='ltr'>gloria</span> 
     </span>
     <span class='ocr_line' id='line_1_17' title="bbox 431 936 1025 972; baseline -0.007 -1"><span class='ocrx_word' id='word_1_79' title='bbox 431 940 494 972; x_wconf 86' lang='lat' dir='ltr'>Per</span> <span class='ocrx_word' id='word_1_80' title='bbox 517 938 642 970; x_wconf 87' lang='lat' dir='ltr'>infinita</span> <span class='ocrx_word' id='word_1_81' title='bbox 666 938 863 970; x_wconf 87' lang='lat' dir='ltr'>saeculorum</span> <span class='ocrx_word' id='word_1_82' title='bbox 888 936 1025 971; x_wconf 80' lang='lat' dir='ltr'>saecula,</span> 
     </span>
    </p>
   </div>
   <div class='ocr_carea' id='block_1_6' title="bbox 261 1018 1493 1059">
    <p class='ocr_par' dir='ltr' id='par_1_6' title="bbox 261 1018 1493 1059">
     <span class='ocr_line' id='line_1_18' title="bbox 261 1018 1493 1059; baseline -0.002 -10"><span class='ocrx_word' id='word_1_83' title='bbox 261 1024 344 1051; x_wconf 80' lang='lat' dir='ltr'>Brev.</span> <span class='ocrx_word' id='word_1_84' title='bbox 366 1031 418 1050; x_wconf 86' lang='lat' dir='ltr'>mS.</span> <span class='ocrx_word' id='word_1_85' title='bbox 433 1023 650 1059; x_wconf 74' lang='lat' dir='ltr'>Epternaeense</span> <span class='ocrx_word' id='word_1_86' title='bbox 671 1030 746 1049; x_wconf 85' lang='lat' dir='ltr'>saec.</span> <span class='ocrx_word' id='word_1_87' title='bbox 770 1019 813 1048; x_wconf 88' lang='grc'>14.</span> <span class='ocrx_word' id='word_1_88' title='bbox 851 1020 921 1048; x_wconf 83' lang='lat' dir='ltr'>Cod.</span> <span class='ocrx_word' id='word_1_89' title='bbox 935 1020 1157 1058; x_wconf 82' lang='lat' dir='ltr'>Luciliburgen.</span> <span class='ocrx_word' id='word_1_90' title='bbox 1181 1018 1224 1047; x_wconf 85' lang='lat'>12.</span> <span class='ocrx_word' id='word_1_91' title='bbox 1245 1035 1282 1039; x_wconf 91' lang='lat'><strong>—</strong></span> <span class='ocrx_word' id='word_1_92' title='bbox 1306 1018 1332 1054; x_wconf 81' lang='lat'>3,</span> <span class='ocrx_word' id='word_1_93' title='bbox 1355 1018 1370 1046; x_wconf 96' lang='lat'>1</span> <span class='ocrx_word' id='word_1_94' title='bbox 1390 1019 1493 1047; x_wconf 84' lang='lat' dir='ltr'>mundi</span> 
     </span>
    </p>
   </div>
   <div class='ocr_carea' id='block_1_7' title="bbox 182 1062 267 1089">
    <p class='ocr_par' dir='ltr' id='par_1_7' title="bbox 182 1062 267 1089">
     <span class='ocr_line' id='line_1_19' title="bbox 182 1062 267 1089; baseline -0.012 0"><span class='ocrx_word' id='word_1_95' title='bbox 182 1062 267 1089; x_wconf 80' lang='lat' dir='ltr'>fehlt.</span> 
     </span>
    </p>
   </div>
   <div class='ocr_carea' id='block_1_8' title="bbox 565 1158 1105 1200">
    <p class='ocr_par' dir='ltr' id='par_1_8' title="bbox 565 1158 1105 1200">
     <span class='ocr_line' id='line_1_20' title="bbox 565 1158 1105 1200; baseline -0.004 -9"><span class='ocrx_word' id='word_1_96' title='bbox 565 1159 625 1191; x_wconf 88' lang='lat'>155.</span> <span class='ocrx_word' id='word_1_97' title='bbox 654 1159 689 1190; x_wconf 90' lang='lat' dir='ltr'>In</span> <span class='ocrx_word' id='word_1_98' title='bbox 709 1159 798 1191; x_wconf 82' lang='lat' dir='ltr'>Festo</span> <span class='ocrx_word' id='word_1_99' title='bbox 819 1168 859 1191; x_wconf 88' lang='lat' dir='ltr'>ss.</span> <span class='ocrx_word' id='word_1_100' title='bbox 881 1158 1105 1200; x_wconf 80' lang='lat' dir='ltr'>Reliquiarum.</span> 
     </span>
    </p>
   </div>
   <div class='ocr_carea' id='block_1_9' title="bbox 212 1226 1460 1669">
    <p class='ocr_par' dir='ltr' id='par_1_9' title="bbox 212 1226 1460 1669">
     <span class='ocr_line' id='line_1_21' title="bbox 716 1226 975 1257; baseline -0.004 -1"><span class='ocrx_word' id='word_1_101' title='bbox 716 1226 764 1256; x_wconf 81' lang='lat' dir='ltr'>Ad</span> <span class='ocrx_word' id='word_1_102' title='bbox 783 1226 975 1257; x_wconf 80' lang='lat' dir='ltr'>Nocturnum.</span> 
     </span>
     <span class='ocr_line' id='line_1_22' title="bbox 212 1295 1336 1337; baseline -0.001 -8"><span class='ocrx_word' id='word_1_103' title='bbox 212 1323 216 1329; x_wconf 92' lang='lat'>.</span> <span class='ocrx_word' id='word_1_104' title='bbox 245 1295 341 1335; x_wconf 86' lang='lat' dir='ltr'>Deus,</span> <span class='ocrx_word' id='word_1_105' title='bbox 373 1295 478 1328; x_wconf 85' lang='lat' dir='ltr'>1umen</span> <span class='ocrx_word' id='word_1_106' title='bbox 505 1296 545 1327; x_wconf 87' lang='lat' dir='ltr'>de</span> <span class='ocrx_word' id='word_1_107' title='bbox 566 1296 693 1336; x_wconf 88' lang='lat' dir='ltr'>lumine,</span> <span class='ocrx_word' id='word_1_108' title='bbox 868 1297 899 1329; x_wconf 84' lang='lat'>3.</span> <span class='ocrx_word' id='word_1_109' title='bbox 926 1296 1013 1337; x_wconf 85' lang='lat' dir='ltr'>Ergo</span> <span class='ocrx_word' id='word_1_110' title='bbox 1036 1296 1163 1327; x_wconf 88' lang='lat' dir='ltr'>illorum</span> <span class='ocrx_word' id='word_1_111' title='bbox 1187 1296 1336 1337; x_wconf 84' lang='lat' dir='ltr'>precibus</span> 
     </span>
     <span class='ocr_line' id='line_1_23' title="bbox 243 1342 1352 1384; baseline 0 -9"><span class='ocrx_word' id='word_1_112' title='bbox 243 1342 330 1375; x_wconf 82' lang='lat' dir='ltr'>Fons</span> <span class='ocrx_word' id='word_1_113' title='bbox 356 1345 389 1375; x_wconf 75' lang='lat' dir='ltr'>et</span> <span class='ocrx_word' id='word_1_114' title='bbox 412 1343 499 1382; x_wconf 89' lang='lat' dir='ltr'>origo</span> <span class='ocrx_word' id='word_1_115' title='bbox 524 1344 654 1382; x_wconf 81' lang='lat' dir='ltr'>gratiae,</span> <span class='ocrx_word' id='word_1_116' title='bbox 926 1343 1054 1375; x_wconf 83' lang='lat' dir='ltr'>Nostris</span> <span class='ocrx_word' id='word_1_117' title='bbox 1078 1351 1177 1384; x_wconf 85' lang='lat' dir='ltr'>parce</span> <span class='ocrx_word' id='word_1_118' title='bbox 1201 1344 1352 1383; x_wconf 84' lang='lat' dir='ltr'>reatibus,</span> 
     </span>
     <span class='ocr_line' id='line_1_24' title="bbox 246 1389 1378 1432; baseline 0.001 -11"><span class='ocrx_word' id='word_1_119' title='bbox 246 1389 404 1422; x_wconf 85' lang='lat' dir='ltr'>Maximus</span> <span class='ocrx_word' id='word_1_120' title='bbox 430 1398 462 1420; x_wconf 91' lang='lat' dir='ltr'>es</span> <span class='ocrx_word' id='word_1_121' title='bbox 486 1390 519 1421; x_wconf 93' lang='lat' dir='ltr'>in</span> <span class='ocrx_word' id='word_1_122' title='bbox 543 1389 689 1432; x_wconf 81' lang='lat' dir='ltr'>minimis,</span> <span class='ocrx_word' id='word_1_123' title='bbox 927 1391 966 1422; x_wconf 90' lang='lat' dir='ltr'>In</span> <span class='ocrx_word' id='word_1_124' title='bbox 990 1390 1051 1421; x_wconf 88' lang='lat' dir='ltr'>hac</span> <span class='ocrx_word' id='word_1_125' title='bbox 1074 1391 1141 1422; x_wconf 85' lang='lat' dir='ltr'>vita</span> <span class='ocrx_word' id='word_1_126' title='bbox 1164 1400 1221 1422; x_wconf 88' lang='lat' dir='ltr'>nos</span> <span class='ocrx_word' id='word_1_127' title='bbox 1246 1394 1378 1432; x_wconf 84' lang='lat' dir='ltr'>protege</span> 
     </span>
     <span class='ocr_line' id='line_1_25' title="bbox 247 1435 1460 1479; baseline 0.003 -11"><span class='ocrx_word' id='word_1_128' title='bbox 247 1436 285 1469; x_wconf 92' lang='lat' dir='ltr'>In</span> <span class='ocrx_word' id='word_1_129' title='bbox 310 1435 453 1468; x_wconf 89' lang='lat' dir='ltr'>omnibus</span> <span class='ocrx_word' id='word_1_130' title='bbox 478 1436 643 1468; x_wconf 89' lang='lat' dir='ltr'>mirabilis.</span> <span class='ocrx_word' id='word_1_131' title='bbox 926 1437 972 1469; x_wconf 86' lang='lat' dir='ltr'>Et</span> <span class='ocrx_word' id='word_1_132' title='bbox 994 1440 1068 1476; x_wconf 77' lang='lat' dir='ltr'>post</span> <span class='ocrx_word' id='word_1_133' title='bbox 1093 1438 1133 1470; x_wconf 83' lang='lat' dir='ltr'>da</span> <span class='ocrx_word' id='word_1_134' title='bbox 1157 1438 1305 1470; x_wconf 86' lang='lat' dir='ltr'>thronum</span> <span class='ocrx_word' id='word_1_135' title='bbox 1330 1438 1460 1479; x_wconf 83' lang='lat' dir='ltr'>gloriae.</span> 
     </span>
     <span class='ocr_line' id='line_1_26' title="bbox 214 1492 1363 1533; baseline 0.003 -10"><span class='ocrx_word' id='word_1_136' title='bbox 214 1520 221 1527; x_wconf 87' lang='grc'><em>,</em></span> <span class='ocrx_word' id='word_1_137' title='bbox 250 1492 368 1523; x_wconf 82' lang='lat' dir='ltr'>Vivunt</span> <span class='ocrx_word' id='word_1_138' title='bbox 392 1500 431 1523; x_wconf 85' lang='lat' dir='ltr'>ex</span> <span class='ocrx_word' id='word_1_139' title='bbox 455 1495 510 1524; x_wconf 88' lang='lat' dir='ltr'>tua</span> <span class='ocrx_word' id='word_1_140' title='bbox 534 1493 637 1532; x_wconf 85' lang='lat' dir='ltr'>gratia</span> <span class='ocrx_word' id='word_1_141' title='bbox 872 1495 904 1528; x_wconf 80' lang='lat'>4.</span> <span class='ocrx_word' id='word_1_142' title='bbox 931 1494 997 1533; x_wconf 76' lang='lat' dir='ltr'>Quo</span> <span class='ocrx_word' id='word_1_143' title='bbox 1021 1495 1108 1533; x_wconf 87' lang='lat' dir='ltr'>patri</span> <span class='ocrx_word' id='word_1_144' title='bbox 1133 1497 1181 1525; x_wconf 83' lang='lat' dir='ltr'>est</span> <span class='ocrx_word' id='word_1_145' title='bbox 1203 1503 1273 1526; x_wconf 89' lang='lat' dir='ltr'>cum</span> <span class='ocrx_word' id='word_1_146' title='bbox 1297 1494 1363 1527; x_wconf 89' lang='lat' dir='ltr'>filio</span> 
     </span>
     <span class='ocr_line' id='line_1_27' title="bbox 248 1538 1294 1583; baseline 0 -11"><span class='ocrx_word' id='word_1_147' title='bbox 248 1538 434 1572; x_wconf 86' lang='lat' dir='ltr'>Sanctorum</span> <span class='ocrx_word' id='word_1_148' title='bbox 460 1548 601 1579; x_wconf 89' lang='lat' dir='ltr'>quaeque</span> <span class='ocrx_word' id='word_1_149' title='bbox 624 1540 764 1583; x_wconf 83' lang='lat' dir='ltr'>minima,</span> <span class='ocrx_word' id='word_1_150' title='bbox 928 1541 974 1573; x_wconf 81' lang='lat' dir='ltr'>Et</span> <span class='ocrx_word' id='word_1_151' title='bbox 997 1541 1113 1580; x_wconf 87' lang='lat' dir='ltr'>spiritu</span> <span class='ocrx_word' id='word_1_152' title='bbox 1137 1541 1294 1580; x_wconf 83' lang='lat' dir='ltr'>paraclito</span> 
     </span>
     <span class='ocr_line' id='line_1_28' title="bbox 245 1586 1374 1628; baseline 0.001 -9"><span class='ocrx_word' id='word_1_153' title='bbox 245 1586 491 1626; x_wconf 84' lang='lat' dir='ltr'>Eorundemque</span> <span class='ocrx_word' id='word_1_154' title='bbox 515 1588 629 1619; x_wconf 81' lang='lat' dir='ltr'>merita</span> <span class='ocrx_word' id='word_1_155' title='bbox 932 1588 1016 1619; x_wconf 88' lang='lat' dir='ltr'>Laus</span> <span class='ocrx_word' id='word_1_156' title='bbox 1043 1592 1076 1619; x_wconf 83' lang='lat' dir='ltr'>et</span> <span class='ocrx_word' id='word_1_157' title='bbox 1098 1590 1248 1628; x_wconf 88' lang='lat' dir='ltr'>perennis</span> <span class='ocrx_word' id='word_1_158' title='bbox 1271 1589 1374 1628; x_wconf 87' lang='lat' dir='ltr'>gloria</span> 
     </span>
     <span class='ocr_line' id='line_1_29' title="bbox 251 1633 1304 1669; baseline 0.003 -3"><span class='ocrx_word' id='word_1_159' title='bbox 251 1634 331 1666; x_wconf 84' lang='lat' dir='ltr'>Ossa</span> <span class='ocrx_word' id='word_1_160' title='bbox 355 1633 527 1666; x_wconf 83' lang='lat' dir='ltr'>ostendunt</span> <span class='ocrx_word' id='word_1_161' title='bbox 549 1636 682 1668; x_wconf 84' lang='lat' dir='ltr'>mortua.</span> <span class='ocrx_word' id='word_1_162' title='bbox 930 1636 993 1667; x_wconf 87' lang='lat' dir='ltr'>Per</span> <span class='ocrx_word' id='word_1_163' title='bbox 1016 1634 1142 1667; x_wconf 89' lang='lat' dir='ltr'>infinita</span> <span class='ocrx_word' id='word_1_164' title='bbox 1166 1636 1304 1669; x_wconf 84' lang='lat' dir='ltr'>saecula.</span> 
     </span>
    </p>
   </div>
   <div class='ocr_carea' id='block_1_10' title="bbox 264 1707 1243 1746">
    <p class='ocr_par' dir='ltr' id='par_1_10' title="bbox 264 1707 1243 1746">
     <span class='ocr_line' id='line_1_30' title="bbox 264 1707 1243 1746; baseline 0.001 -11"><span class='ocrx_word' id='word_1_165' title='bbox 264 1707 350 1735; x_wconf 85' lang='lat' dir='ltr'>Brev.</span> <span class='ocrx_word' id='word_1_166' title='bbox 372 1716 424 1735; x_wconf 81' lang='lat' dir='ltr'>mS.</span> <span class='ocrx_word' id='word_1_167' title='bbox 445 1707 663 1744; x_wconf 82' lang='lat' dir='ltr'>Epternacense</span> <span class='ocrx_word' id='word_1_168' title='bbox 682 1717 757 1737; x_wconf 84' lang='lat' dir='ltr'>saec.</span> <span class='ocrx_word' id='word_1_169' title='bbox 780 1707 824 1736; x_wconf 82' lang='lat'>14.</span> <span class='ocrx_word' id='word_1_170' title='bbox 867 1708 935 1736; x_wconf 81' lang='lat' dir='ltr'>Cod.</span> <span class='ocrx_word' id='word_1_171' title='bbox 955 1709 1177 1746; x_wconf 84' lang='lat' dir='ltr'>Luciliburgen.</span> <span class='ocrx_word' id='word_1_172' title='bbox 1198 1708 1243 1738; x_wconf 81' lang='lat'>12.</span> 
     </span>
    </p>
   </div>
   <div class='ocr_carea' id='block_1_11' title="bbox 571 1839 1112 1880">
    <p class='ocr_par' dir='ltr' id='par_1_11' title="bbox 571 1839 1112 1880">
     <span class='ocr_line' id='line_1_31' title="bbox 571 1839 1112 1880; baseline 0.002 -9"><span class='ocrx_word' id='word_1_173' title='bbox 571 1840 631 1871; x_wconf 83' lang='lat'>156.</span> <span class='ocrx_word' id='word_1_174' title='bbox 661 1839 696 1871; x_wconf 85' lang='lat' dir='ltr'>In</span> <span class='ocrx_word' id='word_1_175' title='bbox 716 1840 805 1872; x_wconf 83' lang='lat' dir='ltr'>Festo</span> <span class='ocrx_word' id='word_1_176' title='bbox 827 1849 866 1872; x_wconf 89' lang='lat' dir='ltr'>ss.</span> <span class='ocrx_word' id='word_1_177' title='bbox 885 1840 1112 1880; x_wconf 81' lang='lat' dir='ltr'>Reliquiarum.</span> 
     </span>
    </p>
   </div>
   <div class='ocr_carea' id='block_1_12' title="bbox 215 1907 1427 2360">
    <p class='ocr_par' dir='ltr' id='par_1_12' title="bbox 742 1907 937 1937">
     <span class='ocr_line' id='line_1_32' title="bbox 742 1907 937 1937; baseline 0 0"><span class='ocrx_word' id='word_1_178' title='bbox 742 1907 791 1937; x_wconf 86' lang='lat' dir='ltr'>Ad</span> <span class='ocrx_word' id='word_1_179' title='bbox 810 1907 937 1937; x_wconf 78' lang='lat' dir='ltr'>Laudes.</span> 
     </span>
    </p>

    <p class='ocr_par' dir='ltr' id='par_1_13' title="bbox 215 1972 1354 2115">
     <span class='ocr_line' id='line_1_33' title="bbox 215 1972 1347 2021; baseline 0.006 -17"><span class='ocrx_word' id='word_1_180' title='bbox 215 1997 223 2005; x_wconf 92' lang='lat'>.</span> <span class='ocrx_word' id='word_1_181' title='bbox 248 1972 384 2005; x_wconf 78' lang='lat' dir='ltr'>Excelse</span> <span class='ocrx_word' id='word_1_182' title='bbox 409 1974 488 2005; x_wconf 90' lang='lat' dir='ltr'>coeli</span> <span class='ocrx_word' id='word_1_183' title='bbox 511 1973 655 2013; x_wconf 85' lang='lat' dir='ltr'>Domine,</span> <span class='ocrx_word' id='word_1_184' title='bbox 872 1977 903 2008; x_wconf 85' lang='lat'>3.</span> <span class='ocrx_word' id='word_1_185' title='bbox 930 1976 954 2008; x_wconf 96' lang='lat' dir='ltr'><strong>O</strong></span> <span class='ocrx_word' id='word_1_186' title='bbox 980 1984 1036 2008; x_wconf 86' lang='lat' dir='ltr'>vos</span> <span class='ocrx_word' id='word_1_187' title='bbox 1061 1977 1186 2016; x_wconf 87' lang='lat' dir='ltr'>piorum</span> <span class='ocrx_word' id='word_1_188' title='bbox 1211 1977 1347 2021; x_wconf 84' lang='lat' dir='ltr'>animae,</span> 
     </span>
     <span class='ocr_line' id='line_1_34' title="bbox 250 2018 1354 2067; baseline 0.006 -16"><span class='ocrx_word' id='word_1_189' title='bbox 250 2020 336 2052; x_wconf 88' lang='lat' dir='ltr'>Audi</span> <span class='ocrx_word' id='word_1_190' title='bbox 359 2029 470 2060; x_wconf 88' lang='lat' dir='ltr'>preces</span> <span class='ocrx_word' id='word_1_191' title='bbox 496 2018 645 2059; x_wconf 84' lang='lat' dir='ltr'>familiae,</span> <span class='ocrx_word' id='word_1_192' title='bbox 928 2024 1011 2063; x_wconf 79' lang='lat' dir='ltr'>Quas</span> <span class='ocrx_word' id='word_1_193' title='bbox 1036 2032 1225 2056; x_wconf 81' lang='lat' dir='ltr'>veneramur</span> <span class='ocrx_word' id='word_1_194' title='bbox 1249 2025 1354 2067; x_wconf 89' lang='lat' dir='ltr'>hodie,</span> 
     </span>
     <span class='ocr_line' id='line_1_35' title="bbox 250 2067 1335 2115; baseline 0.006 -17"><span class='ocrx_word' id='word_1_195' title='bbox 250 2067 351 2099; x_wconf 79' lang='lat' dir='ltr'>Tuam</span> <span class='ocrx_word' id='word_1_196' title='bbox 377 2069 519 2100; x_wconf 83' lang='lat' dir='ltr'>canentis</span> <span class='ocrx_word' id='word_1_197' title='bbox 544 2068 676 2108; x_wconf 79' lang='lat' dir='ltr'>gloriam</span> <span class='ocrx_word' id='word_1_198' title='bbox 929 2070 993 2102; x_wconf 82' lang='lat' dir='ltr'>Pro</span> <span class='ocrx_word' id='word_1_199' title='bbox 1018 2070 1110 2102; x_wconf 89' lang='lat' dir='ltr'>nobis</span> <span class='ocrx_word' id='word_1_200' title='bbox 1134 2071 1335 2115; x_wconf 77' lang='lat' dir='ltr'>intercedite,</span> 
     </span>
    </p>

    <p class='ocr_par' dir='ltr' id='par_1_14' title="bbox 250 2116 1389 2160">
     <span class='ocr_line' id='line_1_36' title="bbox 250 2116 1389 2160; baseline 0.006 -12"><span class='ocrx_word' id='word_1_201' title='bbox 250 2116 288 2148; x_wconf 90' lang='lat' dir='ltr'>In</span> <span class='ocrx_word' id='word_1_202' title='bbox 310 2116 490 2147; x_wconf 89' lang='lat' dir='ltr'>sanctorum</span> <span class='ocrx_word' id='word_1_203' title='bbox 514 2116 675 2148; x_wconf 87' lang='lat' dir='ltr'>memoria.</span> <span class='ocrx_word' id='word_1_204' title='bbox 931 2118 1038 2150; x_wconf 86' lang='lat' dir='ltr'>Vitam</span> <span class='ocrx_word' id='word_1_205' title='bbox 1062 2127 1233 2158; x_wconf 85' lang='lat' dir='ltr'>perennem</span> <span class='ocrx_word' id='word_1_206' title='bbox 1257 2123 1389 2160; x_wconf 82' lang='lat' dir='ltr'>poscite.</span> 
     </span>
    </p>

    <p class='ocr_par' dir='ltr' id='par_1_15' title="bbox 216 2171 1427 2360">
     <span class='ocr_line' id='line_1_37' title="bbox 216 2171 1416 2222; baseline 0.007 -18"><span class='ocrx_word' id='word_1_207' title='bbox 216 2197 222 2204; x_wconf 91' lang='lat'>.</span> <span class='ocrx_word' id='word_1_208' title='bbox 250 2171 302 2204; x_wconf 81' lang='lat' dir='ltr'>Ad</span> <span class='ocrx_word' id='word_1_209' title='bbox 327 2180 458 2211; x_wconf 81' lang='lat' dir='ltr'>quorum</span> <span class='ocrx_word' id='word_1_210' title='bbox 483 2171 535 2203; x_wconf 80' lang='lat' dir='ltr'>hic</span> <span class='ocrx_word' id='word_1_211' title='bbox 559 2172 710 2211; x_wconf 81' lang='lat' dir='ltr'>reliquias</span> <span class='ocrx_word' id='word_1_212' title='bbox 873 2175 905 2206; x_wconf 83' lang='lat'>4.</span> <span class='ocrx_word' id='word_1_213' title='bbox 931 2175 1079 2206; x_wconf 75' lang='lat' dir='ltr'>Praestet.</span> <span class='ocrx_word' id='word_1_214' title='bbox 1102 2178 1197 2216; x_wconf 85' lang='lat' dir='ltr'>pater</span> <span class='ocrx_word' id='word_1_215' title='bbox 1221 2186 1279 2219; x_wconf 82' lang='lat' dir='ltr'>per</span> <span class='ocrx_word' id='word_1_216' title='bbox 1303 2178 1416 2222; x_wconf 82' lang='lat' dir='ltr'>filium,</span> 
     </span>
     <span class='ocr_line' id='line_1_38' title="bbox 251 2216 1389 2268; baseline 0.007 -17"><span class='ocrx_word' id='word_1_217' title='bbox 251 2219 319 2251; x_wconf 84' lang='lat' dir='ltr'>Tua</span> <span class='ocrx_word' id='word_1_218' title='bbox 343 2216 479 2258; x_wconf 80' lang='lat' dir='ltr'>refulget</span> <span class='ocrx_word' id='word_1_219' title='bbox 503 2219 615 2262; x_wconf 82' lang='lat' dir='ltr'>pietaS,</span> <span class='ocrx_word' id='word_1_220' title='bbox 930 2222 994 2254; x_wconf 87' lang='lat' dir='ltr'>Per</span> <span class='ocrx_word' id='word_1_221' title='bbox 1018 2223 1165 2262; x_wconf 83' lang='lat' dir='ltr'>spiritum</span> <span class='ocrx_word' id='word_1_222' title='bbox 1189 2226 1389 2268; x_wconf 85' lang='lat' dir='ltr'>paraclitum,</span> 
     </span>
     <span class='ocr_line' id='line_1_39' title="bbox 251 2266 1375 2312; baseline 0.008 -13"><span class='ocrx_word' id='word_1_223' title='bbox 251 2266 333 2299; x_wconf 86' lang='lat' dir='ltr'>Nam</span> <span class='ocrx_word' id='word_1_224' title='bbox 358 2266 476 2299; x_wconf 81' lang='lat' dir='ltr'>sanitas</span> <span class='ocrx_word' id='word_1_225' title='bbox 500 2266 731 2309; x_wconf 84' lang='lat' dir='ltr'>languentibus,</span> <span class='ocrx_word' id='word_1_226' title='bbox 932 2270 977 2302; x_wconf 87' lang='lat' dir='ltr'>Ut</span> <span class='ocrx_word' id='word_1_227' title='bbox 1002 2269 1153 2303; x_wconf 87' lang='lat' dir='ltr'>virtutum</span> <span class='ocrx_word' id='word_1_228' title='bbox 1177 2271 1375 2312; x_wconf 85' lang='lat' dir='ltr'>profectibus</span> 
     </span>
     <span class='ocr_line' id='line_1_40' title="bbox 253 2313 1427 2360; baseline 0.011 -16"><span class='ocrx_word' id='word_1_229' title='bbox 253 2313 380 2347; x_wconf 84' lang='lat' dir='ltr'>Coelum</span> <span class='ocrx_word' id='word_1_230' title='bbox 403 2315 495 2352; x_wconf 75' lang='lat' dir='ltr'>patet,</span> <span class='ocrx_word' id='word_1_231' title='bbox 516 2313 726 2353; x_wconf 82' lang='lat' dir='ltr'>pulsantibus,</span> <span class='ocrx_word' id='word_1_232' title='bbox 932 2316 1058 2349; x_wconf 80' lang='lat' dir='ltr'>Vestris</span> <span class='ocrx_word' id='word_1_233' title='bbox 1080 2319 1251 2359; x_wconf 87' lang='lat' dir='ltr'>jungamur</span> <span class='ocrx_word' id='word_1_234' title='bbox 1276 2323 1427 2360; x_wconf 87' lang='lat' dir='ltr'>coetibus.</span> 
     </span>
    </p>
   </div>
   <div class='ocr_carea' id='block_1_13' title="bbox 265 2378 1242 2422">
    <p class='ocr_par' dir='ltr' id='par_1_16' title="bbox 265 2378 1242 2422">
     <span class='ocr_line' id='line_1_41' title="bbox 265 2378 1242 2422; baseline 0.008 -15"><span class='ocrx_word' id='word_1_235' title='bbox 265 2380 350 2407; x_wconf 84' lang='lat' dir='ltr'>Brev.</span> <span class='ocrx_word' id='word_1_236' title='bbox 373 2387 426 2407; x_wconf 87' lang='lat' dir='ltr'>ms.</span> <span class='ocrx_word' id='word_1_237' title='bbox 446 2379 665 2416; x_wconf 81' lang='lat' dir='ltr'>Epternacense</span> <span class='ocrx_word' id='word_1_238' title='bbox 684 2388 759 2409; x_wconf 86' lang='lat' dir='ltr'>saec.</span> <span class='ocrx_word' id='word_1_239' title='bbox 783 2378 826 2409; x_wconf 85' lang='lat'>14.</span> <span class='ocrx_word' id='word_1_240' title='bbox 867 2380 937 2409; x_wconf 84' lang='lat' dir='ltr'>Cod.</span> <span class='ocrx_word' id='word_1_241' title='bbox 956 2382 1175 2422; x_wconf 81' lang='lat' dir='ltr'>Luciliburgen.</span> <span class='ocrx_word' id='word_1_242' title='bbox 1198 2384 1242 2415; x_wconf 83' lang='lat'>12.</span> 
     </span>
    </p>
   </div>
  </div>
 </body>
</html>
