1653 2637
698 615 719 646 1.
740 614 784 646 De
803 624 843 647 ss.
863 614 1025 648 Trinitate.

669 690 810 729 (Sabbato
831 693 869 723 ad
887 694 1053 732 Vesperas).

202 761 234 795 1.
259 761 316 802 Te,
340 761 427 793 trina
450 759 537 792 Deus
562 761 668 794 unitas
890 764 920 796 5.
947 763 998 795 Ex
1023 764 1068 795 nil
1093 763 1145 804 qui
1171 771 1240 794 esse
1264 763 1369 795 omnia

260 808 305 840 Et
327 818 392 841 una
416 816 542 847 semper
566 808 705 851 trinitas,
946 809 1116 854 Effigiasti,
1145 810 1272 842 condita

258 856 344 888 Laus
369 858 480 888 nostra
504 856 566 887 rite
592 864 709 888 cernua
947 858 1052 899 Regis,
1080 857 1236 898 gubernas
1260 856 1386 889 fortiter

260 902 359 935 Sacro
385 911 501 935 canore
526 903 678 935 celebrat.
945 905 1098 945 Disponis
1123 913 1162 936 ae
1184 905 1335 937 suaviter.

203 961 234 993 2.
262 960 318 992 Bis
344 969 421 993 sena
447 960 497 991 cui
522 969 631 992 senum
661 961 722 993 duo
890 964 920 995 6.
946 962 1119 994 Preeamur
1144 970 1217 1001 ergo
1242 962 1369 1001 servuli,

258 1009 309 1039 Ac
334 1007 502 1048 Seraphim
529 1008 681 1040 micantia
947 1010 1030 1048 Quos
1056 1013 1090 1040 ‘tu
1114 1009 1237 1050 creasti,
1266 1009 1384 1051 cernui,

259 1055 408 1087 Polorum
435 1063 533 1095 super
557 1055 659 1087 ardua
946 1056 992 1089 Ut
1015 1057 1115 1088 hostis
1140 1065 1158 1087 a
1183 1056 1360 1087 saevissimi

259 1103 324 1134 Ter
345 1104 419 1142 jure
445 1105 573 1134 sanctus
598 1103 808 1143 proclamant.
947 1104 1095 1136 Placatus
1121 1111 1175 1134 ore
1200 1103 1326 1135 liberes.

200 1161 231 1193 3.
260 1160 430 1192 Vocabulis
458 1159 578 1191 divisus
606 1168 650 1199 es,
890 1162 918 1193 7.
946 1162 993 1193 Te
1017 1161 1120 1193 Deum
1144 1162 1179 1190 ut
1204 1163 1357 1200 perpetuo

257 1207 409 1239 Essentia
436 1207 492 1238 sed
519 1216 600 1238 unus
627 1215 669 1249 es,
948 1207 1137 1247 Laudemus,
1164 1207 1266 1246 almis,
1293 1216 1491 1248 quaerumus,

259 1256 366 1297 Pater,
394 1255 493 1295 logos,
519 1254 706 1294 paraclitus,
948 1254 1014 1286 Nos
1036 1254 1219 1295 angelorum
1246 1255 1386 1286 coetibus

257 1302 375 1335 Trinus
401 1305 433 1334 et
454 1310 535 1332 unus
560 1301 727 1335 Dominus,
945 1303 1080 1334 Assooia
1104 1302 1272 1341 propitius.

197 1362 230 1392 4.
259 1360 329 1391 Hoc
352 1363 447 1399 pater
472 1361 530 1397 est,
558 1359 641 1397 quod
667 1357 763 1398 filius,
888 1360 919 1392 8.
946 1359 1064 1402 Honor,
1092 1361 1244 1400 potestas,
1271 1359 1372 1398 gloria

258 1406 338 1446 Hoe,
366 1406 449 1446 quod
478 1408 510 1437 et,
534 1406 635 1437 almus
661 1406 803 1445 spiritus,
949 1407 996 1439 Sit
1021 1407 1090 1445 tibi,
1117 1409 1228 1437 sancta
1255 1406 1392 1444 trinitas,

257 1454 337 1487 Usia
362 1462 439 1494 quos
465 1462 528 1484 non
555 1453 680 1495 dividit,
945 1454 1097 1494 Aequalis
1122 1462 1186 1484 una
1211 1453 1323 1490 deitas,

257 1502 400 1533 Persona
425 1501 511 1533 trina
534 1503 712 1540 permanet.
948 1499 1010 1532 Per
1036 1501 1233 1533 saeculorum
1255 1500 1391 1532 saecula.

273 1577 382 1612 Hymn.
409 1584 462 1603 ms.
484 1575 653 1604 Casinensis
674 1583 749 1602 saec.
772 1574 816 1603 10.
858 1574 926 1603 Cod.
948 1575 1083 1604 Casinen.
1105 1572 1169 1603 506.
1192 1575 1224 1602 A.
1244 1589 1279 1593 -—
1299 1575 1384 1602 Brev.
1406 1584 1458 1602 ms.
1482 1580 1511 1603 b.

202 1614 331 1651 Sophiae
357 1615 582 1642 Beneventanus
609 1621 685 1647 saeq.
716 1611 758 1640 11.
801 1613 870 1641 Cod.
897 1614 1032 1641 Vatican.
1061 1610 1146 1641 4928.
1172 1613 1205 1640 B.
1233 1629 1270 1633 -
1292 1613 1376 1640 BreV.
1402 1622 1455 1640 ms.
1485 1613 1514 1640 S.

197 1654 304 1681 Renati
319 1652 486 1680 Surrentini
507 1660 582 1680 saec.
598 1649 672 1679 ¹³1¹14.
707 1650 776 1679 Cod.
793 1652 943 1680 Barberin.
958 1653 1002 1680 XI
1016 1650 1077 1679 171.
1094 1651 1123 1679 C.
1141 1666 1177 1669 —
1193 1652 1276 1678 Brov.
1291 1660 1344 1678 ms.
1358 1651 1516 1679 Casinense

197 1699 273 1719 saec.
301 1689 345 1719 14.
387 1690 456 1719 Cod.
479 1690 615 1718 Oasinen.
642 1687 688 1717 34.
710 1690 745 1717 D.
775 1706 810 1709 —
833 1688 919 1718 Brev.
942 1690 1173 1718 Coeifstinorum
1193 1691 1261 1723 imp.
1283 1689 1409 1725 Neapoli
1432 1687 1491 1717 1481

197 1729 234 1757 E.
255 1745 292 1749 —-
313 1727 338 1764 2,
364 1728 378 1757 1
399 1729 528 1757 Vissena
546 1729 579 1756 B.
601 1743 635 1746 —
659 1725 684 1762 3,
706 1726 726 1755 4
746 1731 775 1755 et
794 1737 870 1756 unus
889 1728 963 1756 fehlt
984 1730 1014 1756 o.
1036 1744 1071 1747 —
1092 1726 1118 1762 4,
1141 1725 1158 1755 3
1179 1727 1257 1755 Usus
1280 1736 1298 1754 a
1318 1736 1390 1764 quos
1410 1736 1470 1755 non
1484 1728 1515 1759 B,

196 1767 273 1795 Usia
294 1776 351 1804 que
372 1768 403 1803 G,
424 1766 587 1803 Usiamque
608 1766 645 1793 D.
666 1780 703 1784 -—
718 1765 745 1800 5,
770 1764 784 1793 1
805 1766 852 1793 Ex
868 1767 912 1794 nil
932 1768 964 1794 in
985 1775 1048 1794 mse
1064 1766 1093 1794 C.
1115 1780 1149 1785 —
1164 1764 1189 1799 5,
1211 1763 1229 1793 3
1242 1767 1408 1802 gubernans
1423 1766 1459 1793 D.
1480 1782 1491 1785 ι

197 1805 224 1836 6.
253 1804 268 1834 1
292 1815 360 1843 ergo
382 1806 483 1833 cernui
505 1804 536 1833 C.
558 1819 596 1823 —-
613 1802 639 1838 6,
662 1802 680 1830 2
700 1806 806 1832 creasti
826 1805 936 1832 servuli
957 1804 986 1832 O.
1010 1820 1046 1824 —
1068 1803 1093 1837 6,
1114 1802 1132 1832 3
1152 1804 1194 1831 Ut
1213 1803 1311 1831 hostia
1330 1805 1517 1831 nane-tissima

197 1844 227 1872 C.
254 1859 289 1864 —
311 1843 337 1878 6,
357 1842 378 1872 4
396 1844 535 1872 Plaeatus
556 1851 656 1871 omnes
678 1842 708 1869 C.
731 1857 768 1861 —
788 1841 813 1877 7,
836 1841 853 1869 2
874 1843 960 1871 almis
980 1843 1114 1879 precibus
1136 1842 1167 1875 C,
1189 1842 1274 1869 almis
1294 1843 1415 1869 vocibus
1435 1842 1472 1869 D.

695 1937 722 1967 2.
744 1937 785 1968 De
807 1944 847 1968 ss.
864 1936 1029 1968 Trinitate.

750 2015 798 2045 Ad
818 2015 975 2053 Vesperas.

198 2098 228 2131 1.
256 2097 294 2129 In
319 2096 464 2137 personis
490 2095 592 2127 Deum
618 2096 747 2136 trinum,
890 2098 921 2129 3.
946 2096 1075 2127 Nullum
1102 2095 1189 2127 valet
1212 2094 1370 2134 ingenium

255 2145 361 2178 Unum
388 2153 498 2177 verum
522 2146 556 2175 in
580 2144 660 2184 usia,
946 2143 1126 2176 Humanum
1152 2142 1423 2182 comprehendere

257 2193 486 2226 Universorum
512 2191 684 2224 Dominum
946 2191 1017 2224 Hoc
1040 2192 1227 2223 immensum
1252 2190 1449 2232 mysterium,

257 2240 451 2274 confitemur
475 2239 541 2272 fide
566 2240 630 2282 pia.
952 2239 1015 2272 Sed
1042 2240 1111 2272 sola
1134 2237 1215 2270 fides
1242 2238 1384 2271 eredere.

199 2301 230 2332 2.
258 2299 330 2331 Non
358 2298 511 2339 disjungit
536 2298 691 2330 unitatem
893 2300 924 2333 4.
950 2298 989 2330 In
1016 2298 1076 2329 hae
1100 2305 1222 2329 summa
1247 2296 1416 2336 maiestate

257 2347 471 2379 Personarum
494 2347 687 2391 proprietas,
952 2346 1051 2378 Nulla
1076 2347 1181 2378 exstat.
1208 2344 1389 2385 diversitas,

258 2395 330 2428 Non
358 2394 528 2428 confundit.
551 2395 729 2427 trinitatem
950 2394 1020 2427 Nec
1044 2395 1111 2426 ulla
1135 2393 1319 2433 imparitate

255 2443 480 2485 Simplicitatis
507 2444 625 2477 unitas.
948 2443 1121 2484 Discrepat
1147 2450 1222 2475 vera
1247 2441 1362 2473 unitas.
