1653 2637
652 100 909 138 -264m

544 202 576 235 9.
602 201 640 233 In
664 199 816 241 martyris
842 199 977 231 victoria

605 248 654 280 Sit
678 247 815 280 trinitati
840 247 952 286 gloria,

604 295 666 328 Per
693 295 781 334 cujus
806 294 985 334 patrocinia

605 342 673 375 Poli
704 350 863 374 sumamus
888 341 1015 382 gaudia

204 410 307 438 Dium.
334 418 385 437 ms.
405 408 621 444 Adelbergense
641 415 716 435 saec.
738 405 783 434 15.
817 406 885 433 God.
905 405 1043 433 Univers
1066 406 1202 433 Patavin.
1226 403 1293 433 948.
1314 420 1353 424 —
1374 403 1398 439 1,
1421 403 1441 432 4

128 448 200 475 fehlt
228 450 293 475 eine
313 447 409 481 Silbe·
436 447 490 474 lies
517 454 595 473 nunc
623 445 686 473 cole
710 444 780 473 oder
802 444 916 472 recole?
943 458 980 465 -ι
999 442 1031 478 4,
1058 442 1075 470 2
1095 444 1207 471 Divina
1226 444 1324 479 gratia
1342 444 1439 471 lucre-

129 488 233 518 semet·
260 486 313 513 lie*-
340 484 516 512 lucesceret?
539 498 573 502 ——
593 482 625 516 4,
651 481 671 510 4
690 482 764 511 fehlt
782 484 847 510 eine
867 481 957 509 Silbe.
980 497 1013 501 —
1035 480 1066 517 5,
1091 479 1111 509 4
1132 483 1221 509 Occat
1242 480 1380 516 puellam.
1404 495 1436 500 ——

133 522 159 557 S,
184 522 198 550 1
219 523 312 550 Latus
331 522 459 559 praesul.

464 641 531 672 467.
560 641 596 672 ln
615 640 836 673 Translatione
859 640 965 672 ‘l'rium
983 640 1111 681 Regum.

133 714 164 746 1.
188 713 274 752 Jesu,
301 715 430 745 vocator
455 711 605 753 gentium,
813 713 844 744 4.
870 711 954 743 'Dum
982 712 1145 743 sanctitati
1171 711 1296 743 debitas

188 760 388 792 illuminator
412 759 564 798 cordium,
869 759 958 799 Magi
985 767 1116 791 coronas
1141 759 1326 798 impetrant,

188 807 279 839 Haec
303 816 361 847 pro
386 815 546 847 magorum
574 806 676 846 gloria
871 806 992 838 Terrae
1016 806 1200 847 relinquunt
1225 815 1368 846 corpora,

189 854 367 887 Clementer
392 854 467 885 audi
493 855 626 885 cantica.
870 853 931 885 His
959 854 1047 885 dives
1074 856 1122 884 est
1147 853 1289 886 Colonia.

129 914 161 946 2,
186 911 283 943 Ducti
314 919 450 949 superno
474 910 593 941 lumine
815 913 844 943 5.
872 910 995 942 Horum
1019 913 1141 953 rogatu,
1170 918 1368 954 quaesumus,

190 958 329 991 Currunt
352 958 437 998 magi
462 967 532 989 cum
556 966 687 989 munere
871 957 1016 997 Largire,
1042 958 1062 991 J
1065 966 1130 1000 esu,
1156 957 1304 998 servulis,

188 1006 233 1037 Et
255 1008 288 1036 te
312 1008 440 1044 reperto
466 1005 638 1044 procidunt
873 1004 969 1044 Sequi
995 1004 1137 1036 vocantis
1161 1005 1307 1046 gratiam,

187 1053 343 1091 Laetique
367 1053 450 1084 dona
473 1050 649 1092 proferunt.
873 1052 918 1084 Ut
943 1061 1171 1093 consequamur
1196 1053 1339 1093 gloriam.

131 1112 162 1143 3.
190 1110 271 1149 Quot
297 1109 389 1152 dona,
412 1111 460 1140 tot
483 1109 654 1149 mysteria:
816 1112 846 1143 6.
872 1109 940 1140 Deo
966 1110 1052 1148 patri
1076 1110 1119 1140 sit
1142 1109 1245 1149 gloria

186 1158 249 1189 Per
274 1156 348 1188 thus
372 1158 464 1195 patet
488 1156 651 1196 divinitas,
872 1156 1016 1197 Tibique„
1039 1156 1141 1196 patris
1164 1157 1268 1196 unice,

187 1207 275 1236 Auro
301 1207 441 1243 potestas
466 1204 563 1243 regia,
875 1203 951 1235 Cum
977 1204 1092 1242 spiritu
1117 1205 1273 1244 paraclito

188 1252 384 1292 Myrrhaque
408 1259 493 1282 mors
518 1251 705 1284 ostenditur.
875 1250 969 1282 Nunc
994 1254 1024 1281 et
1048 1260 1107 1291 per
1132 1260 1224 1282 omne
1248 1252 1420 1283 saeculum.

210 1316 318 1350 Hymn.
340 1324 392 1343 ms.
414 1314 582 1343 Sanc-,tensis
603 1323 678 1343 saec.
701 1314 744 1343 15.
782 1315 851 1343 Cod.
872 1315 1008 1343 Sancten.
1030 1326 1052 1343 s.
1073 1325 1101 1343 n.
1122 1316 1188 1343 add.
1209 1324 1284 1343 saec.
1309 1313 1384 1344 15lic.
1405 1330 1442 1335 —

127 1354 210 1383 Mela
231 1355 258 1381 A
279 1354 351 1382 solis
372 1356 453 1381 ortus
473 1354 599 1382 cardine.

563 1473 634 1505 468.
666 1473 710 1505 Dc
732 1475 840 1506 sancto
862 1473 1014 1514 Remigio.

130 1546 162 1578 1.
188 1546 214 1578 O
242 1543 457 1577 confessorum
484 1544 630 1585 dignitas,
816 1547 847 1578 5.
874 1545 976 1577 Orans
997 1545 1104 1576 lumen
1128 1546 1271 1578 restituit

187 1592 237 1624 Ex
263 1595 296 1624 te
320 1596 428 1625 manat
452 1592 640 1633 benignitas,
874 1592 997 1634 Caecis,
1025 1593 1144 1634 vinum,
1169 1595 1254 1634 quod
1281 1593 1394 1636 defuit,

191 1641 290 1679 Quam
318 1639 435 1671 Christi
461 1648 535 1672 vera
563 1640 701 1672 charitas
874 1641 1067 1681 Augmentat
1091 1644 1123 1672 et
1148 1642 1333 1674 comminuit

188 1687 240 1719 Ex
268 1696 350 1727 pura
374 1687 474 1718 nutrit
500 1688 612 1727 gratia.
874 1688 984 1720 Hostis
1009 1687 1071 1720 diri
1096 1689 1272 1724 saevitiam.

131 1747 162 1777 2.
189 1744 359 1776 Remorum
384 1745 417 1776 in
444 1744 617 1776 remedium
817 1746 847 1777 6,
873 1744 1002 1777 Mactus
1025 1745 1080 1777 hic
1104 1746 1136 1777 in
1163 1748 1342 1788 contrariis,

188 1791 307 1824 Salutis
332 1792 444 1832 prodit
467 1792 578 1834 lilium,
875 1793 1012 1825 Humilis
1035 1794 1070 1825 in
1094 1792 1255 1836 fortuniis,

189 1839 276 1878 Quae
298 1840 435 1880 protulit
459 1840 638 1879 Remigium
875 1840 1076 1880 compatiens
1101 1842 1239 1874 miseriis

186 1889 241 1920 Ad
265 1887 462 1919 Francorum
488 1888 612 1920 solatia.
875 1888 1007 1921 Moestis
1035 1889 1123 1921 dedit
1149 1890 1312 1923 laetitiam.

129 1946 160 1978 3.
186 1944 369 1976 Mirabilem
403 1944 583 1984 virtutibus,
816 1947 846 1978 7.
871 1945 1039 1985 Propulsa,
1064 1949 1167 1988 pater,
1192 1947 1323 1978 nebulas

185 1992 412 2032 Perplacidum
432 1992 595 2024 obtutibus
874 1992 1005 2035 Cumae,
1031 1993 1120 2032 pacis
1148 1994 1189 2025 da
1212 1994 1344 2032 serulae,

187 2040 379 2072 Cunctorum
404 2042 498 2078 atque
524 2039 652 2071 nutibus
872 2039 998 2071 Mentes
1024 2048 1121 2079 opere
1146 2039 1274 2073 sedulas

186 2088 281 2119 Hunc
307 2086 416 2118 divina
440 2087 617 2118 clementia.
871 2085 938 2118 Fac
964 2087 1105 2118 caritatis
1130 2088 1282 2127 germine.

129 2145 162 2176 4.
188 2143 339 2174 Mirando
365 2141 460 2174 fidem
486 2143 652 2181 praedicat
815 2144 846 2175 8.
872 2142 972 2174 Nobis
998 2144 1057 2174 hoc
1076 2152 1198 2175 summa
1222 2145 1360 2186 trinitas,

188 2189 355 2229 Exemplis
381 2192 413 2220 et
438 2187 619 2231 fructificat,
874 2188 1017 2229 Simplex
1043 2190 1199 2222 concedat
1223 2192 1338 2235 unitas,

187 2236 333 2268 infirmos
357 2236 464 2268 verbis
488 2236 629 2268 medicat.
878 2236 992 2276 Patris,
1017 2237 1085 2269 nati
1110 2237 1262 2271 divinitas

187 2283 250 2315 Sua
274 2287 385 2315 sancta
409 2283 599 2322 praesentia.
875 2282 951 2315 Cum
977 2288 1087 2316 sancto
1112 2294 1239 2326 semper
1262 2286 1400 2324 flamine.

202 2348 295 2377 Psalt.
315 2357 369 2376 ms.
389 2348 540 2376 Borkense
557 2348 583 2375 A
604 2347 629 2376 6.
651 2357 726 2377 saec.
750 2346 793 2376 15.
815 2364 851 2369 —
872 2347 898 2381 2,
918 2347 1060 2377 2sa1utis
1079 2359 1131 2386 pre
1152 2353 1298 2382 exsilium.
1320 2371 1355 2375 —
1377 2355 1403 2392 6,
1426 2356 1441 2385 1

132 2391 198 2416 atus
217 2387 292 2415 hic
283 2397 316 2414 111
335 2388 391 2414 mit
409 2386 559 2414 fehlender
577 2386 707 2414 Initiale.
729 2400 765 2406 --
784 2386 858 2414 Mel:
879 2386 953 2414 Jesu
972 2389 1073 2417 nostra
1092 2390 1263 2428 redemptio.
