1653 2637
499 250 531 282 9.
556 248 642 281 Laus
667 249 699 280 in
726 249 860 281 excelsis
885 247 953 287 tibi,
980 247 1050 279 laus
1074 247 1108 279 in
1133 248 1220 291 orbe,

557 296 698 328 Trinitas
724 297 870 336 simplex,
895 294 983 327 Deus
1009 295 1101 335 alme,
1131 296 1233 337 detur,

557 343 609 375 Da
632 344 696 375 reis
722 344 829 385 vitam,
860 346 915 375 tua
940 342 994 382 qui
1021 343 1138 375 dedisti

605 391 752 423 Praemia
776 390 904 424 sanctis,

312 467 394 494 Brev.
420 474 472 493 ms.
493 466 646 493 Basilense
674 474 750 493 saec.
774 463 817 493 13.
859 464 927 492 eod.
949 464 1162 501 Engelbergen.
1189 465 1252 494 107.
1279 466 1343 494 add.
1371 468 1442 493 anni
1464 465 1546 495 1429.

233 504 268 531 A.
289 518 325 522 —
347 503 464 539 Antiph.
487 512 538 531 ms.
555 504 748 539 sangallense
767 512 841 531 saec.
866 501 909 531 15.
945 502 1013 530 Cod.
1028 503 1197 540 Sangallen.
1219 503 1283 533 529.
1304 505 1337 532 Β.
1359 519 1397 524 -
1419 503 1443 538 1,
1465 502 1482 533 3
1503 514 1546 539 sq.

236 542 319 578 plebs
339 541 433 570 fidelis
453 542 487 569 A.
508 556 546 560 —
567 542 628 569 Vor
649 542 704 569 Str.
727 540 752 569 5.
775 542 890 569 Divisio
910 540 946 568 A.

688 680 753 711 396.
784 681 827 711 De
853 680 964 712 sancta
983 679 1087 711 Lucia.

238 760 267 792 1.
298 759 444 792 Gaudeat
470 760 582 791 chorus
609 760 764 800 virginum
919 761 950 793 3.
977 760 1029 792 Ex
1052 762 1155 792 matre
1180 762 1256 792 tunc
1279 760 1404 793 Eutitia

293 808 416 840 Canens
442 816 555 838 novam
581 808 762 847 melodiam,
977 807 1078 839 Lucia.
1103 810 1150 839 est
1175 809 1354 849 progenita,

292 855 336 887 Et
361 858 405 895 tu,
432 857 533 886 mater
559 855 703 894 eeclesia.
978 855 1064 893 Quae
1084 864 1239 895 spernens
1265 855 1375 887 mundi
1401 856 1545 896 gloriam,

294 902 405 934 Lauda
431 901 549 934 Christi
575 903 783 934 elementiam.
979 902 1098 934 Christi
1122 911 1256 942 sequens
1283 903 1427 943 vestigia.

235 960 265 990 2.
292 959 352 998 Qui
376 967 480 991 rosam
507 959 728 990 delectabilem
919 960 951 992 4.
978 959 1055 990 Dies
1079 959 1189 990 illuxit
1212 960 1331 1002 gaudii,

292 1005 342 1037 De
367 1014 428 1046 qua
455 1006 599 1037 coelestis
626 1007 713 1037 curia
977 1007 1015 1038 In
1040 1015 1103 1046 qua
1126 1009 1250 1046 martyr
1274 1006 1409 1047 eripitur

294 1053 432 1085 Ornatur
456 1053 656 1093 mirabiliter,
977 1053 1027 1085 De
1052 1054 1143 1093 gravi
1169 1055 1272 1086 earnis
1297 1054 1424 1086 saeculo

293 1098 423 1132 Plantat
449 1100 489 1131 de
512 1103 598 1132 terra
622 1101 724 1133 arida.
976 1100 1021 1132 Et
1047 1101 1133 1133 dulei
1158 1110 1274 1141 sponso
1297 1101 1452 1142 jungitur.

619 1159 649 1190 5.
678 1158 762 1190 Laus
786 1158 856 1198 tibi,
883 1166 941 1188 rex
966 1158 1131 1198 altissime,

680 1205 739 1243 Qui
764 1205 896 1237 Luciam
922 1205 1077 1245 virginem

683 1253 760 1285 Post
783 1253 890 1285 brevis
915 1253 1053 1292 spatium
1078 1253 1164 1285 vitae

682 1299 821 1332 Coronas
845 1302 931 1332 serto
956 1303 1100 1340 perpete.

317 1374 427 1410 Antiph
458 1383 511 1401 mx..
532 1373 724 1410 Sangallense
749 1383 825 1403 waee.
849 1374 892 1403 15.
934 1374 1002 1403 Cod.
1025 1375 1194 1413 Sangallen.
1214 1374 1280 1404 410.
1300 1390 1338 1396 —-
1359 1374 1391 1409 2,
1420 1374 1441 1403 4
1459 1376 1546 1404 Plan-

236 1414 312 1439 tavit
330 1412 365 1439 de
385 1415 469 1440 terra.
498 1427 532 1431 —
561 1410 592 1447 3,
614 1410 631 1440 3
653 1413 735 1446 Quae
754 1413 834 1441 fehlt.
863 1429 897 1434 ν-
927 1412 960 1447 4,
983 1412 1000 1440 2
1020 1416 1132 1450 martyr
1154 1415 1281 1450 erg‘anzt.
1308 1429 1343 1434 -
1375 1412 1405 1449 5,
1426 1412 1446 1442 4
1469 1417 1545 1443 serto

236 1452 385 1485 perpetuo.
407 1466 442 1471 -
463 1450 529 1486 Vgl.
551 1450 606 1477 den
627 1451 763 1485 Hymnus
784 1451 919 1488 gleiehen
940 1452 1070 1489 Anfangs
1091 1453 1128 1480 de
1148 1453 1177 1480 S.
1195 1453 1373 1489 Margareta.

694 1585 759 1617 397.
791 1588 835 1618 De
859 1588 967 1618 sancto
987 1588 1090 1620 Lucio.

776 1661 827 1693 Ad
846 1662 1008 1701 Vesper-as.

243 1744 273 1777 1.
302 1743 423 1781 Gaude,
450 1744 552 1773 mater
577 1742 720 1780 ecelesia,
924 1744 956 1775 4.
982 1744 1021 1776 In
1049 1744 1114 1777 fide
1139 1747 1222 1779 luxit
1247 1749 1390 1782 erebrius

303 1790 421 1822 Christi
446 1788 574 1820 suffulta
598 1789 710 1829 gratia,
983 1792 1046 1824 Per
1070 1793 1170 1835 signa,
1196 1805 1256 1835 per
1278 1798 1435 1839 prodigia,

302 1838 348 1870 Ob
374 1836 476 1877 patris
500 1837 602 1868 nostri
625 1837 739 1868 merita
982 1840 1138 1872 Mundum
1165 1843 1291 1877 calcans
1317 1845 1375 1877 sub
1401 1846 1538 1886 pedibus

301 1885 392 1917 Nova
422 1883 611 1923 depromens
637 1884 770 1916 cantica.
982 1886 1113 1919 Manum
1139 1890 1226 1923 misit
1251 1893 1293 1925 ad
1319 1891 1426 1926 fortia.

243 1944 274 1974 2.
300 1942 433 1973 Athleta
459 1940 577 1973 Christi
602 1940 730 1980 Lucius,
926 1944 957 1975 5.
983 1942 1070 1984 Jesu,
1098 1945 1190 1978 dulce
1215 1948 1381 1990 refugium,

302 1989 361 2020 Vir
382 1989 466 2019 totus
492 1988 696 2027 apostolicus,
985 1990 1064 2029 Spes
1089 1996 1208 2035 nostra,
1235 1999 1268 2028 te
1291 1998 1490 2032 laudantium

302 2036 332 2067 A
356 2036 428 2066 luce
451 2042 565 2065 nomen
589 2037 743 2078 traxerat,
986 2037 1032 2069 Ob
1057 2040 1138 2071 tanti
1162 2043 1264 2081 patris
1289 2045 1437 2078 meritum

303 2083 393 2121 Quod
423 2079 516 2112 factis
544 2081 772 2114 declaraverat.
984 2084 1113 2117 Peccati
1137 2089 1226 2121 solve
1252 2091 1406 2126 debitum.

246 2142 277 2173 3.
305 2140 391 2179 Pius,
416 2138 562 2178 pudicus,
588 2138 716 2170 humilis
929 2141 960 2172 6.
987 2141 1052 2173 Uni
1076 2142 1146 2175 Deo
1171 2145 1215 2176 sit
1238 2147 1340 2186 gloria

303 2186 440 2219 Vivendi
464 2194 606 2217 normam
630 2186 789 2228 praebuit,
986 2188 1049 2219 Pro
1073 2190 1262 2224 multiformi
1287 2196 1402 2238 gratia,
1536 2205 1554 2220 ⁸

304 2236 342 2267 In
367 2234 437 2274 lege
464 2232 582 2265 Christi
608 2233 720 2265 docilis
987 2234 1046 2273 Qui
1069 2238 1179 2269 mundi
1205 2243 1279 2278 post
1303 2243 1382 2274 haee
1406 2248 1513 2281 stadia

305 2281 430 2321 Verbis,
457 2280 610 2320 exemplis
636 2281 755 2314 micuit.
987 2281 1053 2313 Dat
1072 2284 1167 2322 justis
1191 2287 1276 2318 vitae
1301 2293 1453 2329 praemia,

323 2358 406 2385 Brev.
438 2355 598 2383 Othinense
626 2357 694 2392 imp.
720 2357 857 2401 Lubeeae
889 2354 970 2401 1497.
996 2357 1030 2384 A.
1064 2372 1096 2375 —
1129 2359 1214 2387 BreV.
1243 2361 1454 2396 Rosehildense
1483 2371 1523 2399 im
1548 2394 1553 2400 .

245 2396 369 2424 Parisiis
397 2391 479 2422 1517.
501 2395 533 2420 B.
559 2408 593 2412 —
622 2394 708 2421 Brev.
728 2395 788 2422 Aar
1041 2396 1207 2425 Aarhusiae
1231 2397 1313 2428 1519.
1337 2401 1367 2428 C.
1391 2419 1429 2425 -—
1458 2407 1515 2437 Str.
1536 2409 1554 2439 3

244 2434 304 2463 uud
323 2432 343 2462 4
358 2431 525 2470 umgestellt
545 2431 575 2459 O.

794 2437 1081 2504 fufium&

790 2546 838 2569 ΒΤ.
865 2548 1044 2572 mom-Eue
1098 2553 1104 2559 “
1116 2521 1169 2599 ’.ἒ

1131 2600 1163 2616 b.

827 2601 882 2617 nst·
896 2606 903 2616 ι
918 2604 978 2616 :ne
