1653 2637
682 84 940 120 —100—

161 192 192 222 5.
220 190 342 227 Corpus
367 185 506 226 gaudens
531 183 675 224 sanitate,
844 182 875 213 6.
901 179 966 210 Vos
992 174 1176 213 concordes,
1204 181 1259 204 vos
1284 174 1431 211 potentes

270 235 398 266 Pollens
422 230 670 272 pulchritudine.
949 224 1047 256 Pares
1073 220 1224 259 amicitia,

220 281 395 321 Libertate,
420 280 593 320 voluptate,
902 272 966 303 Vos
991 270 1113 301 honore
1135 266 1379 307 praeminentes,

267 329 384 361 Valens
410 324 607 364 fortitudine,
949 317 1040 351 Pleni
1065 315 1234 355 sapientia,

219 377 337 416 Vigens
366 372 614 411 immortalitate,
901 367 966 398 Vos
991 363 1104 407 securi,
1131 371 1188 395 vos
1213 360 1398 401 gaudentes,

266 422 429 455 Festivum
456 418 636 452 certamine.
949 414 973 446 O
999 411 1147 443 miranda
1170 408 1287 450 gloria!

524 477 554 508 7.
582 473 708 505 Summo
733 471 820 512 patri
845 472 888 502 sit
911 471 1064 509 potestas,

629 519 715 552 Nato
738 519 819 559 laus,
844 517 990 558 victoria,

582 567 698 599 Sancto
722 566 885 606 pneumati
909 565 1070 604 majestas,

629 613 815 654 Coaequalis
846 612 956 655 gloria,

581 661 667 693 Deus
691 670 782 702 unus,
810 660 906 692 vitam
932 660 1077 699 praestas

630 709 675 741 Et
699 710 829 740 aeterna
851 707 977 748 gaudia.

242 781 326 807 Brw.
346 776 504 805 Lundense
523 776 593 811 imp.
613 774 738 802 Parisiis
760 770 842 800 1517.
865 787 899 791 ——
922 770 947 806 1,
968 769 985 799 5
1007 769 1106 798 Subiit
1125 777 1247 805 quorum
1268 768 1447 804 angelorum.

590 865 651 897 159.
682 865 725 897 De
744 863 865 896 Sanctis
884 863 1046 903 Reliquiis.

695 932 745 961 Ad
763 931 955 962 Nocturnum.

169 1007 199 1039 1.
225 1005 297 1037 Hae
320 1005 353 1036 in
379 1004 431 1035 die
451 1003 663 1042 jucundemur
848 1001 881 1033 4.
906 1000 966 1031 Pie
989 999 1130 1039 praesul,
1157 1007 1175 1030 o
1198 997 1337 1037 Marine,

271 1051 415 1092 Spiritali
439 1049 564 1090 gaudio,
953 1047 1030 1079 Tuis
1057 1046 1098 1079 da
1122 1045 1316 1087 precatibus,

225 1099 296 1131 Hoc
319 1099 354 1130 in
378 1097 496 1136 templo
522 1097 726 1128 collaetemur
907 1094 952 1127 Ut
977 1103 997 1127 a
1021 1094 1122 1127 eladis
1146 1093 1222 1125 hinc
1244 1092 1388 1125 marinae

273 1145 460 1178 Sanctorum
485 1143 628 1185 collegio,
953 1140 1197 1174 Transferamur
1218 1138 1378 1179 fluctibus,

227 1194 363 1232 Quorum
389 1191 484 1224 coelis
508 1190 712 1231 perfruemur
906 1189 1038 1221 Portum
1058 1189 1148 1230 pacis
1172 1188 1213 1220 da
1240 1187 1368 1220 divinae

273 1239 410 1272 Perenni
439 1238 605 1270 consortio.
956 1236 1081 1268 Junctis
1104 1235 1185 1268 coeli
1210 1234 1341 1267 civibus.

170 1299 202 1330 2.
227 1297 362 1337 Lignum
388 1294 489 1326 crucis
513 1292 578 1325 fert
599 1293 753 1333 insignem
849 1295 879 1326 5.
908 1292 975 1331 Qua
1000 1292 1148 1334 quiescis,
1173 1291 1398 1331 Euphrosyna,

271 1343 409 1375 Titulum
436 1341 598 1381 victoriae,
956 1339 1052 1379 Virgo
1078 1339 1304 1379 sacratissima,

226 1389 330 1422 Dulce
352 1389 484 1428 lignum,
512 1388 615 1427 ligans
638 1388 744 1428 iguem
907 1386 1010 1419 Nobis
1034 1395 1143 1419 aurem
1167 1386 1231 1418 huc
1254 1385 1384 1422 inclina,

276 1436 424 1468 Caritatis
449 1435 586 1475 numine,
956 1436 1056 1467 Prece
1084 1432 1136 1466 fac
1160 1433 1313 1473 piissima,

230 1484 428 1516 Christianae
454 1482 531 1514 dans
555 1482 708 1522 insignem
912 1481 958 1514 Ut
980 1481 1170 1514 mundemur
1194 1491 1214 1513 a
1237 1480 1363 1512 sentina

276 1530 483 1569 Triumphum
508 1529 649 1562 militiae.
959 1529 1131 1569 Culparum
1155 1528 1351 1568 putrissima.

174 1591 204 1622 3.
232 1588 388 1621 Uber-tate
417 1586 568 1619 debriatis
854 1588 885 1620 6.
911 1585 1001 1618 Flori
1025 1584 1138 1618 florum
1166 1585 1292 1618 Christo
1315 1583 1421 1625 flores,

277 1635 383 1667 Verae
407 1634 481 1666 vitis
507 1633 647 1674 germine
958 1633 1053 1665 Felix
1078 1642 1096 1665 o
1119 1633 1294 1672 Florentia,

230 1682 279 1714 De
302 1684 444 1713 torrente
469 1680 641 1720 voluptatis
913 1681 1017 1722 Hunc,
1044 1689 1180 1724 oramuS,
1205 1682 1242 1712 ut
1267 1689 1388 1719 exores,

276 1729 432 1761 Haustum
457 1727 603 1769 praebes,
629 1727 774 1769 Domine,
961 1729 1006 1761 Ut
1031 1737 1088 1760 sua
1114 1728 1283 1760 clementia

232 1776 335 1809 Certis
362 1776 401 1808 de
424 1775 634 1816 jucunditatis
911 1775 1014 1808 Nobis
1040 1776 1121 1809 coeli
1142 1777 1267 1817 pandat
1290 1775 1378 1808 fores

280 1823 388 1856 Stolae
415 1824 489 1856 dote
512 1823 665 1864 geminae.
961 1825 1039 1857 Post
1062 1825 1142 1856 haec
1165 1824 1252 1857 vitae
1277 1824 1391 1864 spatia.

511 1880 542 1913 7.
569 1880 659 1912 Patri
684 1888 804 1911 summo
826 1880 1012 1923 ¹iubilamen,

615 1926 712 1966 Cujus
737 1930 787 1958 est
811 1929 942 1967 creatio,

571 1974 654 2005 Nato
679 1982 795 2013 perpes
821 1975 1035 2015 moderamen,

620 2020 717 2059 Cujus
741 2019 937 2060 reformatio,

574 2068 705 2100 Sacrum
729 2075 786 2099 nos
811 2067 951 2100 illustret
974 2067 1099 2108 flamen,

624 2113 796 2146 Criminum
821 2116 974 2148 remissie.

215 2179 338 2243 eldih-ev,
360 2178 518 2206 Lundense
535 2179 605 2214 imp.
626 2178 751 2206 Parisiis
771 2176 854 2207 1517.
875 2193 912 2198 —
932 2177 964 2214 3,
992 2179 1010 2208 5
1026 2180 1219 2214 jucunditate.
1240 2196 1277 2200 —
1296 2182 1323 2216 4,
1347 2182 1367 2211 4
1385 2183 1487 2212 Juneti

178 2226 211 2245 co
242 2226 261 2243 1.
