1653 2637
755 147 1012 187 —170—

468 249 499 281 5.
526 246 663 288 Spiritus
690 248 778 288 cujus
800 248 942 288 ,iubila-ns
966 249 998 281 in
1025 249 1120 282 astris

524 295 575 328 Sit
598 296 662 328 suis
687 305 817 336 magnus
843 295 970 330 famulis
995 299 1148 336 patronus

524 343 569 375 Et
592 344 801 383 Ratisponam
827 346 961 384 tueatur,
997 344 1072 376 almi

571 390 720 430 Corporis
746 391 866 424 urbem.

469 448 501 479 6.
527 446 669 479 Gloriam
694 447 780 486 patri
805 455 988 479 resonemus
1014 456 1121 479 omnes

523 494 603 534 Ejus
630 496 662 525 et.
686 498 761 525 nato
781 494 953 532 jubilemus
978 498 1062 535 apte,

526 541 603 573 Cum
628 540 741 580 quibus
766 544 880 581 regnat
904 542 998 573 simul
1025 545 1057 573 et
1082 546 1207 574 creator

572 587 709 627 Spiritus
734 588 846 622 almus,

299 675 385 702 Brev.
405 681 458 701 ms.
476 673 714 700 Emmeramense
740 680 815 700 saec.
840 671 884 700 15.
918 673 990 701 Clm.
1010 672 1287 702 Monacen.14600.
1307 676 1342 703 A.
1367 690 1406 694 —
1430 677 1536 704 Diurn.

224 721 276 740 ms.
303 712 538 739 Emmeramense
570 718 645 738 saec.
672 708 716 737 15.
758 710 829 738 Clm.
853 711 1005 739 Monacen.
1040 710 1139 739 14664
1164 713 1198 740 Β.
1228 729 1265 733 -
1299 714 1382 741 Brev.
1411 718 1535 742 monast.

225 750 254 778 S
281 750 460 777 Emmerami
491 750 560 785 imp.
593 747 674 776 1571.
702 748 733 776 C.
763 764 801 768 —
832 748 887 776 Ofr.
912 748 988 777 Acta
1011 749 1063 778 SS.
1093 749 1172 786 Sept.
1199 751 1242 778 VI
1267 761 1296 787 Ρ.
1322 750 1386 779 512.
1412 768 1451 772 —
1475 754 1537 780 Der

223 788 359 823 Hymnus
378 789 420 815 ist
437 796 496 814 von
515 787 651 815 Arnold
671 795 739 813 von
758 786 930 823 Vohburg
948 787 1035 823 (saec.
1055 788 1108 815 XI.
1129 788 1189 824 111.).

415 936 480 968 286.
510 936 554 967 De
574 944 614 967 ss.
634 936 814 977 Euphemia,
835 936 999 975 Dorothea,
1021 936 1135 968 Thecla
1156 937 1189 968 et
1207 937 1350 969 Erasma.

225 1028 257 1059 1.
283 1027 412 1059 Paterni
437 1026 589 1064 splendor
613 1026 749 1066 luminis,

281 1074 467 1106 Sanctorum
492 1081 564 1112 spes
590 1076 623 1103 et
645 1073 755 1116 gloria,

280 1120 366 1158 Jesu,
394 1120 577 1160 redemptor
601 1120 745 1160 hominis⁷

280 1168 429 1200 Exsultet
453 1167 633 1207 Aquilegia.

222 1227 252 1257 2.
280 1226 378 1264 Quam
405 1224 562 1256 decorasti
587 1223 743 1263 virginum

282 1273 380 1305 Flore
404 1272 462 1304 sub
489 1271 691 1310 quaternario

278 1319 492 1351 Benedicente
515 1318 686 1350 Dominum

280 1367 353 1407 Ore,
383 1365 489 1405 corde,
516 1366 682 1406 martyrio.

221 1426 251 1457 3.
278 1423 358 1455 Sunt
381 1423 415 1454 hi
435 1420 530 1453 flores
554 1422 742 1462 Euphemia‚

277 1471 441 1502 Dorothea
467 1478 537 1500 cum
561 1470 706 1509 masma,

276 1518 397 1551 Thecla
420 1525 553 1557 quoque,
579 1517 673 1550 stella
698 1517 760 1560 dia,

277 1565 442 1605 Templum
467 1563 529 1595 Dei
554 1570 649 1604 atque
673 1565 805 1604 plasma.

904 1028 936 1058 4.
963 1026 1093 1058 Puellae
1118 1030 1195 1058 natu
1218 1027 1342 1059 nobiles

963 1073 1146 1116 Nobiliores
1171 1075 1253 1106 istae
1276 1078 1360 1114 sunt,

962 1120 1052 1158 Quod
1076 1120 1142 1153 fide
1165 1122 1271 1161 prima
1295 1122 1427 1154 stabiles

964 1167 1101 1199 Coelesti
1131 1177 1246 1208 sponso
1269 1169 1377 1209 jnctae
1402 1172 1484 1203 sunt.

930 1249 936 1256 .
963 1224 1099 1262 Quarum
1125 1228 1166 1264 te,
1201 1226 1337 1266 Christe,
1363 1227 1485 1258 meritis

963 1272 1135 1303 Precamur
1160 1275 1233 1304 voto
1260 1274 1408 1317 supplici,

962 1318 1029 1350 Nos
1054 1319 1184 1351 liberati
1208 1320 1325 1352 debitis

962 1365 1092 1397 Laetari
1115 1367 1199 1399 stola
1225 1367 1354 1409 duplici.

928 1449 936 1456 .
964 1422 1013 1454 Sit
1037 1432 1111 1463 ergo
1136 1424 1222 1463 patri
1246 1423 1357 1465 gloria,

964 1470 1014 1503 Sit
1038 1471 1105 1510 ejus
1127 1471 1301 1512 unigenito,

963 1517 1023 1556 Qui
1047 1521 1138 1550 tanta
1162 1522 1307 1558 praestat
1330 1521 1448 1560 gaudia

964 1564 1041 1597 Cum
1065 1566 1182 1605 spiritu
1205 1567 1374 1606 paraclito.

294 1651 379 1678 Brev.
400 1649 587 1683 Aquileiense
602 1650 671 1685 imp.
691 1650 826 1677 Venetiis
849 1647 933 1677 1481.
952 1665 988 1670 --
1009 1647 1037 1683 3,
1056 1648 1077 1677 4
1096 1652 1185 1687 atque
1204 1652 1334 1687 ergiinzt.

652 1799 716 1830 287.
747 1799 791 1830 De
811 1800 919 1831 saneto
939 1799 1116 1840 Evergislo.

459 1881 490 1914 1.
517 1880 750 1921 Hymnimndo,
775 1879 898 1920 fideles,
922 1880 1069 1920 plaudite
1093 1880 1204 1912 laudes

516 1927 677 1967 Evergisli
698 1927 832 1967 meritis,
857 1927 904 1967 pii
928 1927 1095 1967 praesulis,

515 1974 614 2013 Quem
641 1974 744 2014 pietas
771 1974 888 2006 Christi
914 1975 1033 2015 delegit
1057 1974 1129 2007 sibi.

457 2033 488 2064 2.
515 2032 547 2063 Is
574 2031 649 2063 dum
674 2031 763 2072 vixit,
788 2031 856 2062 vita
879 2031 1002 2062 studuit
1025 2031 1116 2071 mira,

515 2078 695 2117 Spernebat
718 2078 888 2117 saeculum,
914 2078 1025 2109 sitiens
1049 2079 1182 2119 caelum,

514 2125 585 2157 Hac
608 2125 749 2156 militans
771 2134 877 2165 pugna
901 2125 1003 2157 caruit
1028 2126 1130 2165 culpa.

460 2183 491 2215 3.
516 2181 580 2213 Hic
604 2181 720 2214 claruit
744 2181 841 2220 signis
870 2181 966 2212 laude
992 2182 1168 2225 condignis,

516 2228 661 2260 Surdatis
686 2228 838 2271 auditum,
869 2228 989 2260 orbatis
1012 2229 1125 2269 visum,

514 2275 668 2307 Restituit
690 2275 806 2315 linguis
831 2274 894 2307 fari
919 2276 1064 2315 privatis.

456 2334 490 2366 4.
515 2333 662 2372 Paralysi
686 2333 801 2374 laesos,
829 2333 982 2364 daemone
1005 2331 1117 2373 fessos,

513 2380 614 2412 Ferro
639 2380 815 2412 vinculatos
839 2379 917 2411 fecit
941 2380 1071 2412 illaesos

514 2427 559 2460 Et
581 2427 733 2460 virtutum
757 2428 845 2460 scala
868 2427 994 2462 scandit
1017 2428 1059 2460 ad
1084 2428 1160 2467 alta,
