1653 2637
727 81 960 115 „52-

187 177 218 209 3.
243 175 395 209 Inimicus
420 177 575 217 ve1itatis,
892 177 921 208 8.
936 176 1133 208 sustinentes
1156 177 1350 218 innocentes,

294 223 438 255 inimicus
462 224 586 264 patriae
985 223 1176 256 sustinentes
1201 223 1370 262 modicum,

247 271 351 304 Corde
377 271 466 303 dolos
487 271 697 308 machinatur,
942 271 1004 303 Suo
1030 271 1206 303 adhaerent
1229 272 1350 311 pastori

296 322 462 351 accusator
485 319 615 351 vulnere
987 318 1100 350 timore
1125 319 1280 359 deposito,

247 365 431 406 Scorpionis
454 374 543 398 more
566 364 644 397 ferit
940 364 1181 405 Congaudentes
1205 370 1238 398 et
1262 366 1418 398 laetantes

246 441 255 450 ,
296 416 327 444 et
353 413 461 445 doloso
485 416 620 453 gutture.
986 415 1060 444 sunt
1083 413 1176 445 modo
1203 422 1272 444 cum
1297 412 1443 446 Domino.

190 500 220 531 4.
250 498 305 531 Cui
330 506 387 530 nos
412 499 532 530 servire
558 499 667 536 cernit,
890 497 921 529 9.
938 497 1084 537 Quisquis
1109 498 1174 529 tale
1198 500 1385 537 prosecutus

293 553 408 585 parere
427 543 576 584 fideliter,
988 543 1085 576 fucrit
1109 543 1261 584 officium,

248 592 308 626 Oui
330 593 462 623 haerere
484 592 653 635 mandatis,
941 591 990 623 Sit
1013 592 1048 624 in
1074 592 1165 624 domo
1190 591 1391 630 maledictus,

297 639 392 671 corde
416 641 482 670 toto
508 647 669 678 quaerere,
988 640 1031 671 sit
1058 639 1090 670 in
1117 649 1192 679 agro
1216 637 1380 679 profugus,

246 685 343 718 Hunc
366 686 505 717 dormire
530 695 687 725 nunquam
712 687 787 718 sinit
941 686 980 718 In
1006 695 1164 719 secessum
1187 686 1339 719 intestina

298 734 443 765 stimulus
467 733 617 765 invidiae.
988 735 1093 766 mittat
1117 734 1200 767 sicut
1222 734 1348 765 Arrius.

191 821 221 852 5.
247 818 397 851 Fratrum
419 819 513 851 turba
536 818 596 850 Dei
623 820 704 851 dono
872 821 924 852 10.
940 820 1033 852 Foris
1058 820 1194 859 pustulis
1218 822 1402 859 marcescat,

295 874 450 906 quamque
473 866 563 899 novit
588 874 740 907 crescere,
990 867 1121 899 Crescat
1140 868 1234 906 juxta
1256 871 1390 909 uterum,

248 913 342 946 Hanc
364 916 569 952 prosternere
592 913 731 956 molitur,
940 914 1021 955 Ejus
1045 914 1113 947 dies
1137 915 1233 954 pauci
1255 914 1343 955 fiant,

295 960 377 992 hanc
401 960 468 992 vult
492 959 681 1000 interficere,
989 962 1084 994 cadat
1107 962 1138 994 in
1160 962 1335 1002 interitum,

250 1007 378 1040 Cunctis
404 1008 497 1039 simul
524 1008 673 1040 desolatis
941 1010 980 1041 In
1004 1007 1164 1048 profundo
1190 1018 1245 1041 suo
1271 1012 1344 1041 ruat

297 1055 382 1086 solus
409 1055 509 1086 credit
533 1055 649 1088 vivere.
989 1065 1058 1088 cum
1080 1059 1173 1095 patre
1199 1056 1332 1089 diabolo.

191 1141 222 1172 6.
249 1141 425 1171 Accusator
449 1138 584 1172 fratrum
609 1141 705 1173 venit,
871 1142 927 1175 11.
942 1142 1045 1180 Hujus
1069 1144 1156 1173 artus
1183 1142 1395 1175 extendantur

298 1195 379 1228 ecce,
406 1190 471 1219 stat
496 1190 568 1227 post
593 1189 715 1231 ostium,
991 1197 1059 1220 cum
1083 1189 1236 1221 immenso
1260 1190 1414 1231 pondere,

251 1233 394 1274 Nuntiat,
421 1235 472 1274 qui
496 1243 619 1274 pennas
642 1236 748 1279 habet,
940 1236 1132 1268 Acutissimo
1159 1239 1190 1267 et
1216 1236 1295 1268 duro

295 1281 393 1313 hostis
419 1282 664 1322 antiquissimus.
990 1282 1125 1315 feriatur
1151 1283 1291 1325 cuspide,

237 1353 720 1365 .........
945 1330 1094 1363 Centrum
1120 1339 1191 1362 esca
1216 1329 1273 1363 fiat
1296 1340 1386 1363 suum

420 1404 657 1410 .....
714 1404 717 1410 .
989 1384 1217 1418 prorumpente
1240 1381 1392 1411 stercore.

192 1461 223 1492 7.
249 1461 350 1496 Time,
377 1461 488 1501 Judas,
513 1461 590 1493 time
613 1461 726 1500 Deum,
877 1465 928 1496 12.
945 1464 1082 1502 Respice
1107 1464 1148 1495 de
1170 1464 1268 1503 coelo,
1293 1463 1393 1503 Deus,

296 1508 382 1547 time,
410 1508 506 1539 draco
531 1507 663 1547 perfide.
991 1511 1115 1551 respice
1139 1511 1306 1551 propitius.

250 1555 399 1586 Animam
424 1563 443 1586 a
467 1558 500 1587 te
523 1557 678 1595 malignus
943 1558 1035 1590 Tolle
1059 1558 1151 1590 nobis
1173 1558 1346 1598 inimicum,

295 1602 327 1633 in
353 1602 414 1633 hac
436 1606 528 1634 nocte
553 1602 686 1635 auferet.
989 1605 1067 1637 tolle
1090 1605 1320 1642 adversarium,

249 1648 377 1681 Faciem
403 1652 434 1681 et
458 1650 596 1691 linguam
622 1654 707 1683 tuam
942 1653 1012 1684 Tua
1034 1652 1123 1685 salva
1146 1662 1204 1684 nos
1230 1653 1349 1685 virtute

294 1705 418 1728 vermes
444 1698 636 1738 cooperient.
987 1701 1021 1732 in
1046 1700 1169 1740 potenti
1192 1700 1333 1732 brachio.

267 1789 335 1817 Cod.
357 1790 451 1826 Capit.
470 1791 616 1818 veronen.
639 1790 683 1820 90.
705 1800 779 1820 saec.
795 1793 821 1820 9.
841 1809 881 1813 —-
900 1792 926 1826 3,
947 1792 965 1822 3
986 1794 1096 1822 doloso.
1120 1808 1157 1812 —-
1178 1794 1204 1828 3,
1226 1792 1243 1821 5
1264 1796 1442 1830 scorpiones.
1462 1809 1502 1814 —

187 1827 212 1859 5,
225 1826 242 1855 3
259 1828 342 1855 Hanc·
354 1831 485 1865 prostare
497 1829 659 1857 demolitur.
672 1844 709 1849 —
723 1832 747 1863 6,
760 1828 778 1857 2
792 1831 929 1860 hostium.
945 1847 979 1851 -—
995 1831 1020 1863 6,
1032 1831 1052 1860 4
1066 1834 1146 1860 ostis.
1157 1846 1195 1850 —
1209 1832 1234 1861 7.
1248 1831 1264 1859 6
1279 1833 1451 1868 cooperiret.
1465 1847 1499 1851 —

186 1864 219 1896 9,
240 1863 258 1893 ὅ
285 1866 316 1893 in
337 1867 421 1893 domu
443 1867 508 1894 Dei.
531 1882 568 1885 —
592 1865 641 1902 10,
671 1866 686 1896 1
712 1870 845 1904 postillis.
867 1886 904 1890 —
926 1868 973 1904 10,
995 1869 1012 1898 5
1039 1871 1075 1898 1η
1094 1870 1236 1905 profundo
1258 1879 1377 1898 suorum
1398 1871 1443 1897 ad.
1463 1886 1501 1891 —

187 1901 229 1936 11,
253 1902 267 1930 1
289 1912 372 1932 arcus
394 1905 573 1932 extendatur.
600 1923 615 1926 -
656 1903 698 1937 11,
719 1906 736 1934 5
761 1906 892 1934 Centum.
913 1923 951 1928 ——-
974 1907 1017 1942 12,
1037 1908 1054 1936 5
1074 1908 1139 1935 Tua
1158 1908 1203 1935 sal
1223 1916 1286 1935 nos.

655 2073 699 2103 77.
730 2073 773 2103 De
793 2072 897 2113 Signis
918 2072 1044 2104 Judicii.

188 2161 217 2194 1.
243 2158 296 2194 Ab
326 2161 473 2201 aquilone
496 2161 612 2201 venite⁷
872 2163 903 2193 2.
930 2159 1107 2195 Bellatores
1131 2163 1195 2195 inei
1218 2164 1305 2207 estis⁷

246 2209 360 2241 Omnes
385 2217 485 2249 reges,
512 2210 544 2241 in
569 2209 695 2250 virtute,
928 2209 997 2250 Ego
1023 2218 1080 2241 rex
1106 2213 1212 2242 vester
1238 2212 1394 2253 coelestis,

245 2255 378 2288 Gladios
405 2259 435 2287 et
460 2257 573 2295 acuite,
930 2256 1016 2295 Quae
1041 2266 1096 2289 vos
1121 2259 1248 2300 mando,
1275 2258 1411 2301 facietis,

243 2304 448 2335 Armaturam
473 2313 529 2336 vos
554 2303 665 2344 tollite,
929 2303 1128 2336 Contendere
1151 2315 1214 2337 non
1240 2308 1385 2346 potestis,

291 2351 436 2384 Reddam
463 2350 713 2383 retributionem.
974 2352 1119 2384 Reddam
1149 2355 1400 2389 retributionem.
