1653 2637
745 159 1002 195 —172—

412 258 444 290 8.
472 256 583 288 Gloria
606 256 693 295 patri
717 256 904 296 genitaeque
929 255 1023 297 proli,

470 304 601 335 Numini
625 306 746 345 sancto,
771 312 831 343 quo
857 305 1002 335 sacratur
1026 305 1158 342 martyr.

471 350 620 384 Pontifex
643 351 772 391 ungitur
792 350 976 391 Faustinus,
1002 350 1056 390 qui
1080 354 1151 382 oret

516 399 579 431 Pro
603 398 704 441 nobis,
730 398 866 431 Christe.

292 475 398 502 Dium.
429 473 604 501 Caminense
635 474 705 507 imp.
732 473 854 509 Lipsiae
886 470 969 499 1519-
1001 473 1036 500 Α.
1067 487 1103 491 -
1136 474 1222 501 Brev.
1255 473 1430 502 Caminense
1459 475 1528 510 imp.

216 513 361 540 Basileae.
384 510 465 540 1521.
485 512 519 539 B.
542 526 577 530 —
598 510 626 544 4,
648 509 669 538 4
686 511 749 538 Ens
769 519 879 538 novum
898 511 932 538 B.
949 525 988 529 —
1009 509 1035 544 5,
1057 509 1075 537 2
1094 512 1186 539 Verbi
1206 514 1236 539 et
1255 512 1332 539 adiis
1354 513 1385 540 ss.
1404 528 1442 531 —
1462 511 1489 546 5,
1510 513 1528 538 3

215 551 369 586 Perpetem
390 551 422 577 B.
444 566 451 569 -
500 549 526 583 7,
550 548 564 576 1
586 549 727 577 Gladibus
747 549 782 576 A.
804 563 839 567 —
859 547 887 582 7,
907 546 925 576 3
945 548 1065 585 dignum
1084 549 1172 576 redde
1189 550 1222 577 B.

639 669 705 700 289.
737 670 780 700 De
800 670 906 700 sancto
927 668 1096 701 Feliciano.

221 752 248 783 1.
275 749 501 789 Hymnizemus
527 749 695 780 canoribus
900 751 931 783 5.
957 749 1097 781 Deorum
1122 749 1175 780 hic
1199 749 1256 781 sed
1283 750 1419 782 cultibus

274 798 327 829 Ad
352 805 503 836 praesens
530 796 736 836 dulcioribus,
957 796 1002 828 Et
1025 797 1122 837 regiis
1147 797 1335 828 tumultibus

274 844 430 876 Feliciani
455 844 587 884 gloriam
957 844 1119 876 Insultans
1145 844 1263 875 cultum
1288 844 1419 876 Domini

273 893 459 924 Promentes
485 894 517 922 et
539 891 716 924 victoriam.
956 891 1033 923 Plus
1058 891 1160 922 suasit
1184 891 1284 923 cuivis
1308 891 1439 924 homini.

215 951 248 981 2.
275 949 335 987 Qui
357 951 430 988 post
454 948 605 987 baptismi
629 949 764 988 gratiam
898 949 929 980 6.
956 948 1003 980 Ob
1029 948 1090 979 hoc
1113 948 1279 979 tormentis
1305 949 1456 989 quatitur,

273 997 336 1029 Per
361 1004 484 1027 omnem
510 994 685 1027 efficaciam
955 995 1038 1027 Inde
1061 995 1194 1026 Romam
1220 995 1417 1035 aggreditur,

273 1043 400 1074 Divinis
426 1042 587 1075 exercitiis
953 1042 1085 1081 Iterque
1108 1042 1233 1073 vinctus
1259 1041 1380 1074 faciens

273 1090 416 1122 Vacabat
441 1092 474 1120 et
497 1088 623 1123 officiis.
953 1088 1083 1121 Defecit
1105 1092 1240 1121 mortem
1264 1090 1401 1129 patiens.

214 1149 246 1180 3.
271 1147 406 1179 Aeterni
434 1149 504 1177 sata
527 1146 678 1186 germinis
897 1147 927 1177 7.
952 1145 1032 1185 Ejus
1057 1146 1189 1177 solemni
1212 1147 1328 1186 gaudio

271 1195 309 1226 In
335 1194 443 1225 multis
469 1202 621 1233 spargens
646 1193 790 1225 terminis
956 1192 1219 1233 Congratulamur
1242 1195 1355 1227 merito

270 1241 455 1280 Extirpavit
479 1240 655 1282 daemonia,
954 1239 1094 1279 Propter
1118 1241 1167 1272 sui
1190 1243 1406 1280 praesentiam

272 1288 392 1321 Christi
419 1288 534 1319 docens
560 1288 741 1327 praeconia.
956 1287 1228 1327 Praedignamque
1253 1289 1463 1321 clementiam.

212 1347 246 1378 4.
274 1345 331 1377 Cui
354 1345 471 1376 Decius
496 1344 658 1376 furoribus
893 1347 926 1377 ὅ.
953 1344 1039 1384 Ergo
1063 1344 1136 1383 pari
1160 1345 1292 1377 consilio

270 1393 433 1424 Accensus
457 1391 633 1424 acrioribus
953 1391 1055 1423 Deum
1079 1393 1206 1430 patrem
1231 1401 1302 1423 cum
1325 1392 1403 1433 filio,

270 1439 422 1471 Decrevit
443 1448 502 1478 per
527 1439 725 1478 sententiam,
953 1438 1069 1470 Sancto
1092 1439 1188 1470 simul
1213 1448 1284 1472 cum
1308 1446 1479 1480 pneumate

269 1487 340 1518 Diis
366 1487 437 1518 dari
458 1486 682 1519 reverentiam.
953 1486 1133 1518 Laudemus
1155 1487 1209 1526 pio
1231 1491 1388 1521 neumate.

287 1560 406 1596 Antiph.
440 1569 492 1587 ms.
522 1559 701 1587 Hamelense
730 1567 807 1586 saec.
831 1557 874 1586 15.
918 1559 987 1587 Cod.
1014 1560 1203 1587 Hanoveran.
1232 1561 1248 1588 1
1279 1560 1332 1589 101
1363 1571 1389 1589 a.
1413 1564 1449 1590 A.
1480 1579 1518 1584 —

211 1600 296 1627 Brev.
316 1598 470 1626 Mindense
487 1599 557 1633 imp.
577 1606 600 1624 s.
620 1598 640 1624 1.
663 1595 745 1624 1515.
764 1598 798 1624 Β.
822 1612 855 1616 -
876 1595 907 1629 3,
929 1595 947 1623 2
968 1598 1025 1631 Qui
1045 1598 1144 1625 multis
1167 1607 1306 1635 spei-gens
1326 1600 1360 1627 B.
1381 1615 1420 1619 —
1440 1600 1473 1635 5,
1500 1600 1519 1630 3

211 1637 332 1665 Sacrum
351 1637 472 1664 Domini
491 1637 524 1663 B.
545 1650 579 1654 —
601 1634 627 1668 5,
649 1634 670 1662 4
689 1635 839 1662 hominum
859 1636 892 1663 B.

639 1756 706 1787 290.
736 1755 780 1787 De
800 1757 910 1787 sancta
930 1755 1103 1788 Felicitate.

210 1838 241 1871 1.
269 1837 407 1877 Septena
429 1836 564 1869 fratrum
589 1836 696 1876 passio
893 1838 925 1869 4.
950 1837 1064 1876 Avete,
1092 1837 1171 1869 clari
1194 1840 1351 1877 martyres

268 1886 379 1918 Coelos
411 1885 541 1917 decorat
563 1884 690 1925 gaudio,
950 1884 1128 1924 Fortesque
1153 1884 1272 1917 Christi
1296 1886 1423 1929 milites,

265 1932 406 1964 Mundus
430 1933 567 1964 resultat
589 1931 748 1971 laudibus,
949 1933 1013 1964 Per
1036 1933 1117 1964 haec
1140 1933 1250 1972 agonis
1274 1934 1400 1972 proelia

266 1980 333 2011 Nos
359 1988 563 2011 consonemus
589 1979 728 2012 vocibus
950 1982 1093 2012 Aeterna
1116 1981 1202 2011 nacti
1227 1981 1380 2019 praemia.

208 2039 240 2069 2.
267 2036 438 2069 Plumbata
461 2035 637 2078 fustigatio,
892 2038 921 2068 5.
948 2036 1034 2068 Huic
1055 2045 1113 2068 nos
1138 2037 1267 2076 placere
1291 2038 1424 2078 poscite,

267 2083 446 2123 Carcerque
470 2084 647 2126 decollatio,
948 2083 1071 2115 Nociva
1096 2092 1238 2123 quaeque
1262 2085 1382 2127 pellite,

265 2131 389 2163 Multae
411 2139 534 2170 poenae
557 2130 736 2170 principum
948 2131 1070 2170 Rogate
1092 2139 1204 2170 pacem
1231 2134 1409 2171 temporum

264 2177 338 2209 Non
367 2178 466 2210 corda
486 2176 620 2209 flectunt
642 2180 829 2216 martyrum.
946 2177 992 2209 Et
1015 2178 1184 2209 sanitatem
1210 2187 1389 2218 corporum.

207 2236 237 2268 3.
264 2235 373 2266 Tersis
396 2234 538 2266 vicissim
561 2232 688 2265 fletibus
889 2236 920 2267 6.
946 2235 1090 2274 Praesta,
1116 2237 1210 2274 pater
1229 2235 1373 2275 piissime

264 2283 302 2315 In
326 2282 451 2322 gaudiis
478 2281 665 2313 coelestibus
946 2281 992 2312 Et
1014 2284 1089 2313 nate
1113 2282 1357 2315 clementissime

264 2329 370 2361 Multa
392 2329 590 2361 beatitudine
946 2328 1159 2369 Sanctamque
1178 2325 1325 2373 pneuma,
1351 2333 1481 2367 trinitas

263 2378 382 2418 Regem
407 2376 523 2409 videtis
547 2377 675 2416 gloriae.
945 2376 990 2407 Et
1012 2386 1077 2408 una
1099 2386 1159 2416 par
1186 2377 1347 2411 divinitas.

280 2444 366 2472 Brev.
386 2443 530 2471 Hallense
547 2444 617 2479 imp.
637 2441 761 2479 Lipsiae
782 2440 864 2471 1534.
883 2457 919 2461 —
941 2440 968 2476 2,
988 2439 1006 2470 3
1025 2443 1095 2470 Lies
1113 2443 1304 2479 Multaeque?
