1653 2637
727 152 963 188 -59-

434 249 466 281 4.
493 248 544 280 De
570 249 657 282 coelo
683 259 807 282 sursum
833 251 962 291 angelus
987 251 1181 290 praemissus

492 296 523 327 A
548 299 642 336 patre
666 307 779 338 magno
801 298 971 331 muntiavit
993 299 1106 330 Annae

494 343 688 384 conceptum
714 346 840 386 quidem
867 345 998 387 virginis
1023 346 1156 390 Mariae,

540 392 631 431 Quod
657 393 864 427 celebramus,

434 467 466 500 5.
489 467 561 499 Hoc
584 469 686 500 Isaias
712 469 758 501 ait
780 469 1020 509 prophetando:

490 514 541 546 De
566 516 653 547 coelo
679 516 768 556 virgo
793 517 901 549 veniet
924 517 1082 557 portando

489 562 603 594 Secum
625 572 769 603 puerum,
797 564 849 604 qui
873 565 965 597 nobis
989 565 1023 596 in
1047 564 1149 597 Deum

538 610 677 642 Dabitur
702 611 839 651 quidem.

433 687 465 719 6.
490 686 578 727 Ergo
607 687 783 727 colendum,
811 688 886 727 quia
910 690 958 719 est
983 697 1164 729 supernum,

492 735 624 766 Festum
650 735 790 766 solemne
815 733 877 766 fuit
900 735 992 767 nobis
1017 736 1103 776 inde,

490 781 565 812 Vita
587 781 764 821 redempta,
794 785 862 813 erat
887 791 968 822 quae
991 787 1159 825 perempta

538 828 643 860 Stulte
667 838 726 868 per
750 829 863 864 Evam.

439 905 471 938 7.
493 904 676 936 Laudemus
700 904 813 947 Deum,
839 907 964 944 patrem
990 914 1143 936 summum
1169 915 1287 951 verum,

490 951 632 992 Ejusque
657 954 776 992 natum,
803 952 951 991 spiritum
976 956 1146 993 sacratum,

491 998 551 1037 Qui
575 999 761 1040 genitricem
789 1000 888 1031 voluit
914 1000 1078 1032 victricem

535 1046 573 1078 In
597 1047 834 1087 sempiternum.

263 1131 350 1159 Brev.
371 1140 424 1158 ms.
445 1131 778 1159 Romano-Franciscan.
801 1139 876 1159 saec.
899 1129 944 1159 14.
966 1133 1006 1159 in.
1049 1132 1118 1159 Cod.
1140 1132 1234 1168 Capit.
1255 1133 1394 1162 Patavini
1410 1136 1434 1162 B
1456 1134 1502 1164 56.

187 1169 253 1197 add.
275 1177 351 1197 saec.
372 1167 448 1198 14l15.
468 1169 504 1197 A.
526 1184 547 1188 -
575 1169 661 1197 BreV.
681 1178 734 1196 ms.
755 1169 784 1197 S.
799 1170 881 1197 Petri
894 1170 1030 1197 Perusini
1052 1178 1128 1197 saec.
1151 1168 1195 1198 14.
1230 1170 1299 1199 Cod.
1312 1173 1503 1201 Laurentian.

188 1207 278 1235 Conv.
299 1215 363 1241 sup.
383 1205 450 1235 461.
470 1208 504 1235 B.
525 1221 562 1226 —-
581 1205 605 1240 1,
629 1205 644 1234 1
658 1208 745 1234 Vires
766 1208 899 1236 miranda
914 1207 948 1235 Α.
962 1222 999 1227 -
1015 1206 1039 1242 1,
1062 1205 1079 1236 3
1100 1208 1230 1236 divinam
1249 1210 1283 1236 B.
1298 1226 1334 1230 -
1353 1210 1378 1245 1,
1390 1210 1410 1239 4
1425 1212 1504 1240 Cele-

186 1244 275 1273 brare
294 1246 328 1273 B.
349 1260 388 1264 —
408 1243 442 1280 2,
465 1243 480 1272 1
504 1254 564 1273 non
585 1247 663 1272 esset
680 1245 779 1273 fehlen
798 1246 832 1273 B.
853 1261 890 1265 —
911 1244 936 1280 2,
958 1244 975 1272 2
994 1246 1074 1274 Nata
1091 1246 1165 1274 fehlt
1184 1248 1218 1273 Β.
1238 1262 1277 1266 —-
1295 1245 1322 1282 3,
1343 1247 1361 1276 2
1379 1251 1503 1285 virg-inis

186 1284 264 1311 fehlt
282 1284 316 1311 B.
338 1298 375 1303 —
393 1281 429 1318 3,
458 1281 476 1311 3
503 1283 658 1311 Celebrare
682 1283 788 1311 debere
812 1292 877 1311 cum
903 1285 935 1311 B.
956 1299 992 1303 -
1013 1282 1045 1318 4,
1079 1283 1093 1311 1
1119 1286 1278 1320 permissus
1298 1287 1358 1314 AB.
1381 1302 1413 1306 -—
1438 1286 1465 1322 4,
1487 1287 1505 1315 2

184 1323 262 1358 patri
285 1322 320 1349 A.
341 1338 378 1342 —-
402 1320 436 1356 6,
462 1320 476 1349 1
498 1323 571 1358 quja
588 1321 663 1349 fehlt
681 1321 716 1348 B.
736 1336 774 1341 —
794 1321 826 1357 6,
848 1320 866 1349 2
885 1322 943 1349 fuit
961 1323 993 1349 in
1012 1321 1069 1350 fide
1089 1323 1122 1350 B.
1143 1338 1181 1343 —
1202 1321 1233 1357 6,
1254 1321 1274 1351 4
1295 1324 1393 1353 Stulta
1411 1326 1446 1353 A.
1468 1342 1504 1346 —

184 1359 211 1394 7,
233 1358 250 1387 2
274 1360 338 1394 Que
360 1360 422 1395 ejus
441 1362 545 1387 natum
565 1360 702 1396 spiritum
721 1362 856 1387 sanctum
876 1361 909 1388 Β.

624 1481 669 1512 87.
699 1480 735 1512 ln
758 1480 960 1521 conceptione
979 1481 1067 1512 BMV.

746 1558 796 1587 Ad
814 1558 945 1588 Laudes.

451 1638 482 1672 1.
510 1638 534 1670 Ο
564 1638 643 1670 coeli
669 1646 793 1678 gemma
816 1638 1018 1678 genitrixque
1041 1638 1113 1683 Dei,

506 1685 614 1717 Man'a
638 1686 738 1728 virgo,
765 1688 869 1730 porta,
896 1687 984 1718 scala
1009 1687 1099 1727 coeli,

507 1733 612 1765 Janua
636 1734 727 1774 lucis,
755 1733 926 1776 Christum,
955 1743 1048 1774 quem
1072 1734 1233 1775 perducis,

555 1781 619 1813 Pro
645 1781 737 1813 nobis
763 1790 829 1813 ora.

449 1859 480 1890 2.
508 1856 533 1889 Ο
559 1865 633 1888 rosa
656 1857 777 1897 mundi,
800 1857 903 1888 lilium
930 1857 1099 1898 coelorum,

508 1905 629 1937 Solium
654 1904 750 1946 regis,
776 1905 846 1936 laus
872 1905 1065 1948 angelorum,

506 1952 626 1985 Natum
652 1953 795 1985 divinum
820 1951 872 1985 fac
897 1953 988 1985 nobis
1013 1961 1192 1995 amoenum,

555 2000 653 2041 Virgo
681 2001 807 2034 decora.

448 2080 480 2113 3.
507 2079 532 2112 Ο
558 2078 690 2118 myrrha
712 2077 870 2120 fragrans,
898 2079 1046 2112 redolens
1072 2088 1241 2120 amomum,

504 2127 635 2159 Nardus
661 2125 855 2168 confortans,
883 2137 998 2160 sanans
1025 2127 1269 2170 cinnamomum,

513 2174 659 2208 Genitrix
686 2175 814 2216 Christi,
840 2178 877 2207 ut
901 2176 998 2208 simus
1027 2175 1149 2217 dilecti,

551 2223 619 2256 Fac
644 2223 713 2255 sine
735 2232 835 2257 mora.

443 2302 475 2336 4.
503 2300 528 2333 O
554 2303 790 2341 praeconcepta
813 2300 924 2332 mundi
949 2302 1025 2332 ante
1051 2303 1174 2341 coepta,

505 2349 596 2383 Cella
619 2348 737 2388 divina,
759 2348 855 2380 stella
870 2348 1037 2389 matutina,

504 2397 612 2430 Maria
635 2396 737 2437 virgo,
765 2405 836 2428 cum
861 2396 989 2430 Christo
1014 2396 1152 2438 benigno

551 2444 620 2477 Nos
645 2444 803 2486 revigora,
