1653 2637
700 106 961 143 ——297—

168 201 224 235 11.
242 200 342 234 Sedes
369 202 436 242 ejus
464 206 511 235 est
537 212 660 244 revera,
860 206 915 238 12.
931 205 1025 238 Nunc
1048 214 1226 246 precamur,
1252 205 1340 237 Deus
1365 207 1468 244 pater,

287 249 343 282 ubi
368 251 458 282 locus
484 253 662 291 toparchia,
980 261 1088 285 omnes
1115 256 1148 284 te
1173 254 1390 291 communiter,

238 297 290 329 Ibi
316 295 395 330 fecit
420 307 546 339 semper
570 300 661 340 signa
929 301 1063 334 Tuearis
1088 304 1125 332 ut
1149 309 1205 332 nos
1230 301 1302 340 pius

287 348 383 385 atque
408 344 488 378 facit
511 347 660 387 plurima,
978 348 1080 380 sancti
1105 348 1152 379 tui
1177 348 1337 389 precibus,

238 391 353 424 Suetus
380 395 501 426 cunctis
527 403 619 433 opem
645 394 732 428 ferre
930 396 1026 436 Cujus
1052 396 1154 428 virtus
1181 400 1274 436 atque
1299 404 1432 436 regnum

288 441 432 480 corporis
460 445 493 474 et
516 443 650 476 animae.
977 444 1064 485 viget
1087 444 1120 475 in
1146 446 1345 483 perpetuum.

242 524 352 560 Hymn.
378 534 432 552 ms.
460 526 708 554 Fredeslariensis
735 535 810 555 saec.
834 524 877 554 11.
906 535 950 554 ex.
996 526 1065 554 Cod.
1091 527 1277 556 Casselauus.
1304 527 1360 554 Ms.
1384 526 1487 554 Theol.

163 562 215 590 IV.
244 560 289 590 25.
384 562 415 598 1,
447 562 463 591 6
483 564 686 593 Uuilliballus.
707 580 745 584 ——
765 564 795 600 2,
822 564 839 592 5
862 568 893 592 at
912 565 1040 601 erganzt.
1061 579 1096 584 —-
1119 564 1152 599 5,
1181 564 1199 592 2
1218 564 1428 593 Uunibaldum.
1449 580 1489 584 —

165 599 191 636 5,
212 598 233 627 4
254 601 467 638 Ualdpurgam.
490 617 526 622 —
549 599 594 637 11,
617 601 632 630 1
655 602 750 632 Sedis.

586 743 653 775 528.
682 744 727 775 De
746 744 854 775 sancto
876 743 1069 775 Winvaloeo.

712 821 761 851 Ad
781 822 862 860 Vesp
866 830 940 852 eras.

164 900 195 932 1.
223 899 339 931 Inclite
365 900 489 934 Christi
517 900 690 944 confessor,
856 903 886 934 5.
914 901 1053 941 Fulgens
1078 900 1263 941 praebendo
1288 899 1425 940 mystica

223 946 323 979 Festa
348 948 402 989 qui
426 949 518 980 nobis
544 949 661 989 gaudia
913 949 1105 981 Irradiantis
1130 948 1264 987 animae,

221 996 308 1026 Anni
336 995 462 1028 reducis
487 996 603 1036 orbita,
913 995 1016 1027 Dictis
1042 996 1224 1036 conspergis
1252 993 1370 1026 famina

219 1042 420 1083 Winvaloee,
449 1052 591 1077 corusca.
912 1043 1080 1083 Exemplis
1107 1041 1314 1075 coruscantia.

163 1110 196 1142 2.
223 1108 301 1141 Tuis
327 1108 434 1142 faveto
459 1109 620 1150 precibus,
853 1111 885 1143 6.
914 1110 1017 1143 Claris
1042 1112 1172 1142 ornatus
1196 1109 1329 1148 meritis,

223 1157 448 1189 Adhaerentes
473 1157 658 1198 luminibus,
911 1158 1072 1190 Pristinae
1097 1156 1236 1189 reddens
1262 1156 1357 1188 saluti

223 1203 330 1237 Sacris
356 1208 524 1245 poscentes
549 1205 706 1246 postibus,
911 1204 1106 1237 Debilitatos
1132 1205 1285 1244 plurimos

223 1251 466 1285 Conclamantes
491 1254 525 1284 in
549 1253 690 1286 auribus.
911 1252 1028 1285 Mortis
1054 1253 1182 1285 traxisti
1207 1251 1342 1284 casibus

162 1321 193 1354 3.
219 1318 295 1358 Quis
325 1322 391 1352 tam
419 1323 528 1352 cautus
553 1321 587 1352 in
612 1329 767 1360 sermone,
852 1321 883 1353 7.
910 1319 1035 1358 Sancte,
1062 1328 1120 1351 nos
1146 1327 1220 1360 ergo
1245 1317 1420 1358 praeclaris

221 1366 346 1407 Fragili
372 1368 445 1400 dum
471 1369 505 1399 in
528 1367 589 1400 hac
614 1376 710 1400 carne
911 1367 1137 1399 Deservientes
1162 1366 1196 1398 in
1222 1366 1302 1398 aulis

219 1415 356 1456 vixerit,
383 1423 481 1456 opere
506 1416 678 1456 complens,
911 1415 987 1446 Tuis
1014 1415 1148 1454 custodi,
1176 1413 1319 1447 trucibus

219 1463 307 1503 Quae
331 1463 439 1494 verbis
465 1463 528 1495 rite
553 1463 677 1497 edoces.
912 1461 963 1494 Ne
990 1462 1214 1494 contradamur
1238 1461 1375 1502 ignibus

158 1531 192 1563 4.
221 1529 245 1561 O
273 1530 339 1569 lux,
367 1539 385 1562 o
411 1530 566 1569 splendor
590 1530 726 1570 patriae,
852 1531 884 1562 8.
911 1529 1033 1561 Terrae
1057 1529 1187 1569 polique
1211 1528 1329 1560 rectori

218 1577 244 1609 O
270 1586 343 1618 spes
369 1578 521 1618 perennis
546 1577 685 1618 famulis,
908 1577 977 1610 Deo
1002 1577 1106 1617 gloria
1130 1576 1172 1608 sit
1197 1576 1283 1616 patri

218 1624 297 1657 Tuis
321 1626 508 1658 ministrans
533 1626 675 1658 solamen
910 1625 989 1658 Cum
1014 1627 1089 1656 nato
1116 1627 1148 1655 et
1173 1623 1336 1663 coaequali

218 1672 326 1705 Sacris
351 1682 409 1705 nos
435 1674 522 1713 erige
548 1673 680 1706 dextris.
909 1672 1026 1704 Sancto
1052 1672 1169 1713 spiritu
1192 1671 1334 1712 perenni.

235 1758 305 1786 Cod.
327 1758 454 1786 Pal-isin.
477 1755 551 1785 5610
572 1758 606 1785 A.
628 1765 703 1785 saec.
720 1754 791 1784 ¹⁰ll1.
834 1773 849 1776 -
871 1756 898 1791 1,
917 1755 938 1784 4
957 1759 1118 1784 coruscata.
1142 1769 1179 1774 ——
1198 1754 1225 1789 4,
1247 1753 1264 1781 2
1284 1763 1420 1789 perenne.
1439 1770 1473 1774 —

156 1795 191 1830 6,
221 1793 238 1823 3
260 1797 444 1825 Debilitatis.
464 1811 502 1815 —
522 1795 555 1830 7,
577 1793 594 1823 3
614 1796 747 1823 tricibus.
768 1810 805 1814 —
825 1795 887 1823 Vor
907 1795 972 1822 dem
992 1795 1142 1828 Hymnus:
1168 1794 1278 1829 Incipit
1296 1793 1422 1828 hymnus
1442 1792 1479 1820 ad

154 1844 312 1872 [esperum
336 1837 368 1862 in
391 1835 488 1862 natali
508 1835 604 1861 sancti
623 1833 794 1861 Winvaloer
817 1841 868 1869 per
888 1833 1049 1869 jambioum
1068 1834 1269 1860 tetrametrum
1289 1832 1477 1866 compositus.

154 1873 237 1901 Uber
258 1874 315 1901 den
334 1873 488 1902 Verfasser
508 1873 591 1901 siehe
610 1873 712 1900 weiter
733 1874 833 1899 unten.

574 2004 642 2036 529.
672 2005 716 2037 De
737 2004 844 2036 sancto
865 2003 1062 2035 Winvaloeo.

694 2083 742 2113 Ad
761 2083 955 2114 Nocturnum.

156 2167 187 2199 1.
214 2167 325 2199 Aurea
350 2173 484 2207 gemma,
511 2162 636 2197 floridis
849 2165 881 2197 2.
907 2162 1070 2203 VestigiiS,
1097 2162 1189 2201 alme,
1216 2161 1310 2193 siccis

215 2213 418 2247 Candescens
443 2213 525 2245 mire
551 2213 676 2245 coronis
909 2211 1045 2244 Pontum
1070 2210 1233 2250 percurris
1259 2208 1464 2251 profundum,

260 2262 356 2295 Miris
383 2270 455 2294 cum
480 2261 649 2293 comitibus
954 2260 1000 2291 At
1023 2258 1115 2291 binos
1139 2257 1237 2290 morti
1259 2258 1351 2290 datos

211 2310 360 2344 Undenis
386 2310 524 2351 stipatus
549 2309 628 2342 viris
908 2307 1008 2340 Sacra
1036 2306 1176 2339 levatum
1203 2306 1336 2338 dextera

211 2358 371 2391 Mundum
384 2358 512 2390 calcans
526 2357 611 2390 hunc
621 2358 797 2397 cruentum,
906 2354 951 2387 Et
975 2355 1134 2395 quendam
1159 2356 1223 2387 leto
1248 2353 1428 2394 proximum

258 2405 440 2448 Winvaloe‚
468 2404 705 2446 praepulchris.
954 2403 1049 2436 Vitae
1075 2402 1195 2435 dedisti
1219 2405 1344 2443 potens.
