1653 2637
737 107 994 142 *128—

591 200 653 232 212.
683 200 726 230 De
747 209 769 231 s.
790 196 960 239 Augustino
982 194 1143 227 Lucerino.

754 256 803 286 Ad
822 256 977 293 Vesperas.

216 317 245 349 1.
271 318 430 349 Aeternae
458 317 524 358 regi
548 318 668 357 gloriae
894 315 925 347 4.
950 313 1112 352 Fragrans
1137 311 1217 343 odor
1241 311 1281 342 de
1305 311 1423 342 tumulo

271 364 396 396 Devota
418 365 547 396 laudum
572 363 695 396 cantica
952 359 1030 391 Cum
1054 361 1214 398 gestorum
1239 357 1418 398 frequentia

271 411 400 443 Fideles
425 412 550 443 solvant
572 410 669 443 hodie
952 407 1074 439 Clamat
1103 415 1162 446 pro
1189 405 1306 437 Christi
1332 403 1449 436 famulo

270 458 333 490 Pro
357 458 528 498 Augustini
552 458 662 498 gloria.
951 454 1021 485 Alti
1045 453 1129 493 regis
1154 453 1323 493 magnalia.

214 517 245 548 2.
271 514 532 547 Praedicatorum
557 512 677 545 ordinis
893 511 925 542 5.
948 509 1098 541 Nitamur
1122 509 1197 542 totis
1222 509 1358 549 viribus,

273 561 403 593 Praesul
427 568 562 599 namque
586 557 749 600 almificus,
950 556 1122 589 Nectamus
1146 564 1258 597 preces
1282 556 1441 600 precibus,

269 608 383 640 Mundi
404 608 471 646 jam
497 605 620 646 fulgens
645 606 799 646 terminis,
950 604 995 636 Ut
1019 604 1189 644 Augustini
1214 604 1336 635 meritis

271 655 357 688 Civis
383 654 510 686 effectus
537 654 683 686 coelicus,
953 651 1041 683 Coeli
1066 650 1209 683 fruamur
1233 651 1396 691 praemiis.

213 715 243 746 3.
272 711 382 744 Carnis
407 711 489 743 liber
514 709 671 751 ergastulo
892 709 922 741 6.
950 708 1092 750 Praesta,
1117 711 1211 748 pater
1235 708 1384 752 ingenite,

267 759 338 792 Poli
361 759 481 798 potitur
505 758 616 801 gloria,
950 757 1037 795 Jesu,
1065 764 1134 787 cum
1160 758 1269 788 sancto
1293 753 1431 798 flamine,

269 804 448 838 Pontificali
473 805 606 845 cingulo,
950 803 997 835 Ut
1019 803 1191 843 Augustini
1214 802 1364 843 precibus

268 853 357 885 Stola
380 853 506 884 dotatur
531 852 619 892 regia
954 850 1041 882 Coeli
1062 851 1232 891 jungamur
1258 850 1390 884 civibus.

286 908 315 936 S.
339 909 506 942 Ferrarius,
536 908 583 935 De
610 907 698 936 rebus
722 907 911 942 Hungaricae
937 907 1109 942 provinciae
1136 906 1246 934 ordinis
1277 906 1519 942 praedicatorum,

209 944 462 1013 XgsssssssseXffiPI'
493 955 520 982 p.
555 943 608 973 130
635 953 677 980 sq.
706 959 742 963 —-
767 944 830 972 Das
857 944 989 973 Officium
1017 953 1054 972 zu
1079 946 1234 973 recitieren
1258 944 1445 981 genehmigte
1468 944 1519 971 Jo-

587 1056 647 1088 213.
676 1056 719 1087 De
738 1064 762 1087 s.
783 1054 955 1095 Augustino
976 1055 1136 1087 Lucerino.

733 1111 781 1142 Ad
798 1112 983 1142 Matutinum.

214 1168 246 1198 1,
272 1164 408 1202 Christe,
433 1164 573 1196 salvator
597 1163 744 1204 omnium,
893 1165 925 1196 3.
952 1163 1074 1204 Corpus
1099 1162 1216 1195 afflixit
1239 1162 1367 1195 fortiter

269 1211 397 1251 Rector,
421 1220 494 1250 spes
520 1214 614 1250 atque
638 1211 812 1251 praemium
952 1212 988 1243 In
1014 1211 1130 1243 sudore
1153 1211 1333 1251 multiplici,

269 1258 397 1290 Exaudi
424 1261 498 1290 vota
523 1258 664 1289 cordium
950 1258 1017 1290 Iter
1040 1261 1165 1291 sectans
1190 1258 1352 1290 humiliter

268 1306 332 1337 Pro
352 1307 472 1346 sancto,
497 1313 618 1345 gemma
640 1305 831 1345 praesulum.
951 1306 1007 1338 Sui
1030 1306 1132 1346 patris
1156 1306 1325 1339 Dominiei.

214 1364 245 1394 2.
272 1361 403 1394 Praesul
427 1361 460 1392 in
484 1360 548 1393 fide
573 1361 686 1393 claruit
892 1364 924 1395 4.
949 1361 1056 1394 Jesum
1083 1362 1242 1395 Christum
1267 1371 1303 1394 se
1328 1362 1443 1403 induit,

269 1409 428 1440 Malorum
454 1416 563 1440 carens
588 1408 713 1448 nebula,
950 1409 1109 1449 Adorans,
1135 1410 1270 1442 laudans
1296 1410 1418 1454 extulit,

270 1456 396 1489 Christo
421 1456 541 1488 servire
565 1455 686 1487 studuit
949 1456 1091 1488 Mentem
1122 1456 1237 1489 divinis
1261 1457 1385 1500 imbuit,

270 1502 334 1535 Sub
360 1502 557 1543 paupertatis
581 1502 700 1543 regula.
951 1504 1071 1537 Cuncta
1096 1504 1216 1536 caduca
1240 1504 1373 1545 respuit.

568 1561 600 1594 5.
625 1559 710 1592 Laus
735 1560 778 1590 sit
801 1560 926 1599 parenti
952 1560 1100 1601 Domino,

628 1606 770 1638 Laudem
797 1614 943 1639 canamus
968 1608 1071 1647 unice,

628 1653 713 1686 Laus
738 1654 780 1685 sit
803 1654 966 1686 amborum
990 1653 1110 1687 flamini

629 1701 692 1733 Per
720 1703 866 1740 tempora
888 1702 1054 1737 laudabili.

287 1756 316 1784 S.
340 1758 491 1785 Ferrarius
516 1756 536 1783 1.
557 1765 580 1784 c.
601 1767 629 1793 p.
652 1753 714 1784 132.

586 1839 648 1871 214.
678 1839 721 1871 De
741 1848 765 1871 s.
784 1840 957 1880 Augustino
977 1840 1136 1873 Lucerino.

764 1896 812 1927 Ad
832 1897 958 1927 Laudes.

212 1948 243 1981 1.
269 1948 293 1980 Ο
319 1948 499 1980 venerande
522 1946 677 1990 pontifex,
892 1949 923 1981 3.
949 1949 996 1980 Te
1020 1952 1131 1982 nostra
1155 1954 1268 1983 sonant
1294 1953 1433 1985 carmina

268 1995 444 2035 Augustine
470 1995 661 2034 dulcissime,
948 1996 993 2028 Et
1017 1997 1200 2036 angelorum
1225 2000 1360 2040 agmina,

268 2043 354 2074 Audi
378 2045 525 2082 rogantes
549 2043 690 2074 servulos
949 2042 1096 2076 infemus
1120 2045 1180 2077 tibi
1205 2046 1315 2086 ululat,

268 2089 459 2128 Quaerentes
484 2090 517 2121 in
541 2089 693 2128 periculo.
948 2089 1142 2131 Fretumque
1166 2094 1263 2125 maris
1287 2095 1421 2130 intonat.

211 2149 242 2180 2.
269 2144 370 2178 Aufer
397 2146 483 2177 necis
510 2145 689 2185 dispendia,
890 2149 922 2181 4,
949 2147 973 2180 O
998 2148 1087 2180 sidus
1110 2150 1207 2182 maris
1232 2149 1399 2195 fulgidum,

268 2192 385 2227 Confer
411 2192 496 2224 vitae
520 2192 689 2236 stipendia,
950 2195 1090 2228 Absolve
1114 2205 1214 2230 nexus
1241 2198 1406 2232 criminum

267 2242 336 2281 Quo
358 2242 433 2280 post
457 2240 562 2272 carnis
587 2240 700 2272 exsilia
949 2242 994 2274 Et
1016 2241 1109 2275 fletus
1134 2254 1258 2285 quoque
1281 2248 1464 2286 supplicum

269 2288 386 2320 Tecum
413 2287 510 2320 simus
534 2287 567 2318 in
591 2287 701 2328 gloria.
950 2290 1088 2323 Immuta
1112 2292 1217 2325 dando
1242 2294 1404 2333 gaudium,

609 2347 640 2379 5.
663 2345 748 2378 Laus
773 2346 816 2379 sit
838 2347 965 2387 parenti
988 2348 1135 2381 Domino.

287 2402 316 2430 S.
336 2402 490 2430 Ferrarius
510 2401 529 2429 l.
551 2410 575 2428 c.
594 2409 623 2437 p.
647 2400 707 2428 141.
