1653 2637
9 1468 10 1472 Α
8 1202 15 1458 *qv-m
9 1146 12 1155 -

741 147 1001 183 —289—

208 237 238 271 3.
267 237 388 271 Vivens
415 240 494 272 vicit
519 244 551 273 et
575 245 718 276 mortuus
898 245 931 278 4.
958 245 1130 278 Tormenta
1153 247 1293 278 tremunt
1317 256 1432 286 aspera

269 286 404 326 Semper
428 288 461 319 in
488 288 553 321 fide
578 291 707 332 arduus,
959 293 1120 325 Victorem
1142 294 1395 336 invictissimum,

268 333 372 365 Terra
396 336 541 376 marique
565 338 688 377 positus
959 340 1081 373 Cuncta
1105 350 1276 381 poenarum
1303 351 1420 383 genera

272 381 382 414 Victor
407 387 603 417 monstratur
627 386 766 420 inclitus.
958 387 1164 420 Deridentem
1190 389 1398 429 potissimum,

556 454 586 484 5.
610 452 708 484 Trino
735 453 803 485 Deo
830 456 862 485 et
887 454 1025 495 simplici

610 500 706 540 Laus,
737 501 848 541 honor,
876 502 987 541 virtus,
1014 503 1125 542 gloria,

609 547 669 586 Qui
694 557 751 579 nos
776 557 873 588 prece
898 549 1059 581 Vincentii

610 595 718 626 Ducat
741 595 783 627 ad
809 596 890 628 coeli
915 597 1042 637 gaudia.

285 675 421 704 Officium
450 676 479 704 S.
507 678 656 705 Vincentii
681 680 819 714 martyris
845 681 875 706 et
897 679 1006 707 levitae
1028 679 1308 716 Caesaraugustam,
1338 682 1455 715 patroni
1479 682 1525 708 in-

206 714 300 749 signis
323 714 466 742 eeclesiae
485 716 654 743 BernensiS.
678 718 747 752 imp.
771 717 908 745 Basileae
930 716 1013 745 1515.
1033 734 1069 738 —
1090 716 1117 752 3,
1138 716 1156 745 2
1175 719 1216 745 Et
1236 727 1350 755 semper
1369 720 1410 746 in.

571 845 632 877 515.
660 846 694 876 ln
716 846 937 878 Translationc
958 855 981 877 s.
1002 846 1170 878 Vincentii.

757 923 804 952 Ad
823 924 980 961 Vesperas.

205 1001 237 1034 1.
265 1002 385 1034 Christi
410 1002 501 1033 miles
527 1003 713 1034 Vincentius
893 1005 924 1036 3.
949 1003 1128 1035 Decoratur
1153 1003 1302 1036 Valentia

263 1049 357 1081 Diem
382 1053 583 1089 praesentem
611 1050 749 1091 dedicat,
950 1051 1057 1090 ipsius
1082 1051 1114 1082 in
1137 1052 1300 1092 martyrio,

264 1098 300 1129 In
330 1106 392 1137 qua
414 1097 510 1129 turba
535 1096 732 1137 frequentius
952 1098 1015 1131 Sed
1039 1107 1123 1129 nunc
1149 1098 1216 1137 eJ'us
1241 1099 1430 1138 praesentia

261 1144 343 1183 Ejus
369 1153 485 1184 agones
511 1145 687 1184 praedicat.
953 1145 1131 1177 Castrensis
1157 1148 1230 1177 ovat
1257 1147 1379 1178 concio.

204 1213 235 1244 2.
262 1211 358 1243 Felix
382 1211 465 1244 Osca
491 1212 688 1252 congaudeat
896 1214 928 1246 4.
956 1212 1042 1253 Ignis
1073 1214 1168 1251 atque
1192 1213 1338 1252 supplica

260 1260 299 1291 In
326 1259 490 1291 Vincentis
516 1260 649 1299 origine,
955 1260 1076 1291 Terrae
1101 1259 1179 1291 vicit.
1204 1269 1241 1291 ac
1266 1260 1360 1300 aeris,

263 1307 517 1347 Caesaraugusta
542 1305 664 1347 fulgeat
955 1308 1008 1339 Sic
1034 1307 1160 1346 perpeti
1185 1308 1310 1339 laetitia

261 1354 482 1386 Archilevitae
511 1355 648 1387 numine.
955 1354 1076 1386 Summi
1100 1355 1220 1394 potitus
1246 1355 1395 1386 aetheris.

605 1422 636 1453 5.
663 1420 870 1454 Glorificetur
890 1421 1029 1462 trinitas,

664 1469 707 1502 Ut
734 1478 753 1500 a
777 1478 881 1508 poena
907 1469 1058 1508 supplicii

662 1516 772 1548 Salvet
797 1520 947 1548 canentes
973 1516 1079 1547 unitas

665 1565 853 1597 Interventu
879 1564 1048 1596 Vincentii.

277 1648 359 1677 Offic.
382 1648 411 1676 S.
432 1649 585 1677 Vincentii
605 1650 730 1677 Bernen.
754 1650 824 1685 imp.
847 1649 983 1676 Basileae
1004 1647 1086 1676 1515.
1108 1664 1145 1668 -
1162 1647 1190 1682 4,
1213 1647 1229 1675 1
1251 1650 1340 1684 atque
1360 1648 1524 1684 suppliciis.

563 1778 623 1810 516.
653 1779 690 1810 In
709 1779 931 1811 Translatione
952 1787 975 1810 s.
995 1778 1166 1810 Vincentii.

755 1856 791 1885 In
811 1856 974 1886 Laudibus.

204 1938 234 1970 1.
261 1937 413 1970 Exsultet
437 1936 530 1977 plebs
558 1936 759 1978 Christicola,
896 1938 927 1970 3.
953 1936 1047 1968 Mare
1072 1940 1216 1968 sanctum
1241 1946 1304 1968 non
1330 1936 1476 1975 sustinet,

262 1986 393 2019 eoelum
420 1985 565 2025 repletur
590 1985 726 2025 gaudiis,
952 1984 1114 2017 Dacianus
1139 1983 1353 2025 confunditur,

260 2034 378 2067 Currat
405 2033 585 2066 Castrensis
612 2033 722 2066 accola
954 2032 1106 2065 Gaudens
1129 2036 1274 2064 matrona
1300 2032 1427 2074 retinet,

259 2081 373 2113 Tantis
397 2090 550 2113 accensus
575 2081 686 2113 radiiS.
954 2080 1031 2113 Cum
1056 2080 1176 2112 honore
1202 2080 1396 2113 reconditur.

198 2151 229 2185 2.
259 2150 447 2183 Vincentius
475 2149 549 2181 dum
575 2148 720 2191 moritur,
894 2150 926 2181 4.
953 2148 1143 2186 Translatus
1170 2148 1210 2179 de
1236 2147 1384 2179 Valentia

259 2198 347 2231 Coeli
376 2197 562 2230 discurrunt
587 2196 723 2238 agmina,
953 2195 1072 2236 Longis
1099 2196 1178 2227 latet
1203 2195 1410 2235 temporibus,

259 2246 383 2279 Pavent
407 2244 507 2286 ferae,
534 2245 772 2286 transgreditur
953 2243 1016 2276 Sed
1043 2247 1118 2283 post
1142 2243 1202 2275 Dei
1230 2244 1398 2275 clementia

259 2294 380 2327 Corvus
406 2296 541 2326 naturae
566 2294 689 2326 limina.
954 2292 1061 2325 Castri
1089 2292 1183 2324 datur
1207 2291 1392 2324 cultoribus.

620 2362 652 2393 5.
680 2359 888 2393 Glorificetur
913 2359 1051 2393 trinitas

277 2444 359 2473 Offic.
384 2445 413 2473 S.
434 2446 586 2474 Vincentii
605 2447 730 2474 Bemen.
751 2447 820 2483 imp.
841 2445 979 2473 Basileae
1001 2443 1084 2473 1515.

252 2499 379 2524 Droves,
394 2498 483 2527 Hymni
497 2497 595 2521 laediti.
624 2497 657 2521 Π.
1319 2491 1352 2522 19
