1653 2637
703 141 961 180 *lai-

575 241 606 272 5.
633 240 732 273 Trino
757 240 826 272 Deo
852 242 884 272 et
907 240 1044 280 simplici

631 288 759 320 Laudes
786 291 879 320 canat
903 288 1049 328 ecclesia,

632 334 691 375 Qui
716 335 835 367 virtute
863 335 1034 374 multiplici

630 383 744 414 Annae
768 381 860 415 fulsit
883 382 917 414 in
941 383 1052 423 gloria.

250 468 335 495 Brev.
364 475 416 494 ms.
437 466 660 494 Benedictinum
688 474 763 494 saec.
787 465 830 495 15.
872 467 941 495 God.
964 468 1171 496 Carolsruhan.
1192 468 1262 496 Geo.
1283 465 1329 494 51.
1353 482 1391 487 —
1414 466 1446 502 2,
1475 484 1479 487 -

172 505 283 533 honore
303 504 419 532 celebit.
440 519 478 524 —
497 502 523 538 2,
546 502 565 532 4
586 504 644 538 Qui
665 513 792 533 causam.
814 520 851 525 —
872 503 898 540 5,
918 504 939 533 4
957 506 1061 534 Annae
1080 505 1166 533 fulcit
1183 506 1305 542 gloriae.

639 625 700 657 199.
730 626 775 657 De
794 626 906 658 sancta
925 627 1025 658 Anna.

175 707 205 738 1.
232 706 313 744 Ave,
339 703 418 737 felix
444 707 545 738 mater
572 702 701 750 [Anna],

234 754 321 792 Quae
335 762 403 784 cum
416 753 436 786 J
438 753 559 785 oachim
576 762 608 785 es
622 756 804 793 contempta

232 803 340 841 Atque
364 810 384 832 a
408 801 522 833 Ruben
549 801 710 841 despecta,

233 849 313 888 Quia
338 857 444 880 semen
470 857 533 881 non
558 849 764 889 relinqueres.

179 916 209 948 2.
238 915 372 947 Plorans
397 915 531 955 plorasti
557 924 650 955 quam
675 924 795 958 amare,

236 962 405 1003 Supplices
430 963 473 994 ad
499 962 621 994 coelum
647 962 783 995 fundens

235 1011 353 1042 Preces
379 1012 410 1041 et
435 1010 500 1042 ais:
526 1009 662 1042 benedic
687 1019 738 1041 me

233 1057 279 1089 Et
298 1055 470 1089 fecundam
494 1055 555 1100 fac,
584 1066 602 1089 o
627 1058 725 1090 Deus.

176 1125 208 1158 3.
233 1123 314 1156 Mox
334 1126 372 1154 ut
394 1124 498 1156 tristis
523 1124 571 1155 sic
595 1133 754 1163 oraveras,

233 1171 354 1203 Adstat
377 1172 410 1202 te
436 1180 543 1204 coram
568 1172 708 1212 angelus,

234 1218 399 1261 Respexit,
426 1219 539 1259 inquit,
565 1218 718 1251 Dominus

232 1267 364 1298 Precem
390 1268 477 1298 tuam
503 1269 535 1297 et
556 1268 588 1297 te
614 1265 774 1298 fecundat.

861 709 892 740 4.

861 919 893 950 5.

864 1127 894 1158 6,

919 707 965 739 Ut
989 707 1033 738 sis
1058 711 1161 739 mater
1185 707 1272 739 orbis
1297 707 1401 750 beata,

919 754 1010 786 luter
1038 757 1154 794 nuptas
1178 754 1360 795 benedicta,

920 801 1041 834 Nuntio
1066 802 1187 841 prolem
1216 799 1442 847 [benedictam]

920 849 1123 881 Nascituram
1149 858 1188 881 ex
1212 853 1255 891 te,
1281 849 1429 883 Mariam.

920 915 1030 948 Gravisi
1063 919 1137 947 sunt
1162 919 1193 948 et
1219 915 1399 949 confirmati

919 964 1073 1004 Angelico
1100 963 1224 1003 eloquio

920 1011 1065 1043 Joachim
1091 1013 1123 1042 et
1145 1011 1250 1050 Anna,
1278 1011 1469 1044 clamantes:

919 1058 1111 1090 Benedictus
1136 1058 1179 1089 sit
1202 1058 1289 1090 Deus
1313 1068 1418 1091 verus.

918 1124 966 1156 Te
991 1133 1065 1165 ergo
1088 1127 1221 1156 matrem
1250 1125 1466 1158 collaudamus

920 1171 1069 1212 Dignam,
1095 1180 1175 1211 quae
1199 1172 1317 1204 mundo
1342 1174 1453 1206 ederes

920 1219 1058 1260 Prolem,
1085 1228 1165 1258 quae
1189 1220 1279 1261 virgo
1304 1225 1434 1260 pareret

920 1266 1039 1308 Jesum,
1067 1267 1119 1306 qui
1145 1275 1240 1299 cruce
1265 1276 1322 1299 nos
1340 1269 1488 1302 salvavit.

517 1334 547 1365 7.
573 1332 659 1365 Laus
684 1332 754 1373 tibi,
781 1333 858 1365 Jesu
882 1332 1061 1376 benedicte,

573 1380 673 1412 Matri
698 1383 771 1412 tuae
798 1382 894 1413 decus
919 1390 1083 1419 summum,

573 1428 676 1460 Aviae
702 1430 815 1460 Annae
840 1428 942 1469 gloria

573 1475 717 1508 Celebris
742 1476 784 1507 sit
806 1484 890 1508 nunc
914 1478 945 1507 et
969 1475 1137 1516 perpetim.

246 1560 368 1596 Antiph.
387 1569 441 1588 ms.
456 1560 485 1589 S.
502 1559 655 1589 Cuniberti
670 1560 821 1589 Colonien.
844 1569 868 1589 s.
888 1569 917 1587 n.
938 1569 1014 1588 saec.
1038 1559 1081 1588 16.
1105 1576 1106 1579 =
1136 1575 1141 1579 ·
1158 1559 1182 1597 1,
1203 1559 1221 1589 3
1235 1563 1277 1589 Ae
1293 1569 1311 1588 a
1324 1561 1436 1589 Ruben.
1451 1576 1489 1581 —

172 1597 196 1631 1,
218 1597 238 1627 4
258 1600 475 1636 relinquar-eris.

638 1709 707 1741 200.
736 1709 781 1740 De
800 1709 911 1741 saneta
930 1710 1029 1740 Anna.

669 1785 718 1815 Ad
739 1786 830 1824 Vesp.
852 1789 882 1816 et
899 1785 986 1815 Noct.

172 1867 202 1899 1.
230 1865 320 1900 Coeli
346 1865 443 1897 decor
466 1864 651 1903 inclinatur,

229 1916 344 1946 Annae
370 1915 481 1946 venter
504 1912 668 1955 irrigatur,

227 1962 308 2002 EJus
335 1970 408 1994 caro
436 1962 511 1993 dum
534 1965 669 2000 paratur

276 2011 339 2042 Pro
361 2009 502 2042 thalamo
527 2008 660 2049 gratiae.

169 2079 200 2112 2.
226 2078 320 2111 Basis
350 2077 504 2109 virtutum
526 2076 656 2116 jacitur,

225 2127 321 2158 Anna
345 2128 449 2157 mater
473 2125 547 2157 dum
573 2124 743 2165 salutatur,

227 2173 360 2207 Gratiae
384 2174 484 2214 stirps
509 2172 653 2215 erigitur,

273 2222 382 2254 Maria
407 2231 478 2253 cum
501 2220 636 2262 paritur.

167 2291 198 2323 3.
224 2289 320 2322 Scala
343 2289 466 2329 gloriae
490 2287 652 2331 panditur,

224 2337 394 2378 Templum
409 2337 524 2369 Annae
551 2336 625 2368 dum
643 2334 797 2376 aperitur,

223 2385 365 2427 Virginis
390 2394 468 2417 arca
493 2384 643 2426 cernitur,

273 2433 422 2467 Salvator
447 2441 517 2465 cum
543 2431 693 2472 gignitur.

859 1867 891 1898 4.

861 2078 892 2109 5.

860 2287 892 2321 6,

919 1864 1015 1897 Parvi
1043 1864 1139 1897 fontis
1164 1865 1319 1906 irriguum

919 1911 992 1944 Jam
1016 1912 1216 1945 redundatur
1240 1914 1271 1946 in
1299 1914 1408 1955 altum,

920 1959 1004 1992 Dum
1029 1960 1166 2002 mystica
1190 1961 1330 1994 suavitas

965 2008 1066 2041 Dedit
1095 2009 1191 2040 matri
1214 2008 1326 2042 filium.

919 2075 944 2108 O
971 2075 1117 2109 Joachim
1143 2077 1268 2120 conjux,
1295 2077 1424 2122 plaude,

916 2124 1001 2156 Avia
1025 2123 1085 2156 filii
1109 2124 1243 2165 Mariae,

917 2172 955 2204 In
982 2175 1034 2204 tuo
1062 2170 1188 2205 Christo
1213 2176 1330 2214 nepote

966 2220 1013 2252 Te
1036 2220 1148 2252 laudat
1172 2220 1259 2254 orbis
1285 2221 1391 2256 hodie.

917 2287 1025 2319 Restis
1050 2287 1128 2320 fidei
1153 2288 1290 2332 carinae,

916 2334 1007 2367 Mitis
1032 2337 1135 2368 mater
1157 2337 1252 2369 Anna
1276 2335 1412 2377 Mariae,

918 2382 981 2414 Per
1005 2386 1037 2415 tc
1062 2383 1227 2416 trahamur
1250 2384 1352 2417 invite

967 2432 1020 2464 Ad
1046 2432 1218 2464 anchoram
1243 2433 1374 2474 gratiae.
