1653 2637
710 153 752 157 -
804 130 871 168 195
922 153 969 157 --

186 228 219 261 5.
245 226 440 268 Desperans,
468 236 563 259 cerne
587 228 676 270 talia,
872 232 903 264 6.
931 229 1087 263 Sacerdos
1116 230 1169 262 hic
1199 230 1363 270 inungitur

242 274 305 306 Per
328 274 414 306 hunc
438 284 519 315 quae
544 278 618 308 sunt
644 280 675 309 et
696 278 813 318 qualia,
930 278 975 311 Et
998 278 1031 309 in
1057 287 1174 318 papam
1201 278 1393 317 decernitur,

244 322 382 354 Peccata
407 323 461 363 qui
484 324 633 357 mortalia
930 326 995 359 Sed
1020 326 1081 358 hoc
1104 326 1144 358 ab
1172 335 1207 358 eo
1234 326 1406 366 spernitur,

242 369 349 402 Laxat
374 372 406 401 et
430 371 579 403 venialia.
933 373 1129 407 Coelestibus
1155 373 1349 414 adiungitur.

527 429 558 461 7.
585 428 646 467 Da,
674 432 776 471 pater,
801 431 835 462 in
860 432 922 463 hoc
947 433 1102 472 neumate,

583 476 671 520 Jesu,
699 487 769 509 cum
793 482 904 511 sancto
930 482 1108 522 pneumate,

584 525 631 558 Ut
656 535 714 557 nos
742 526 882 558 doctoris
908 526 1057 566 precibus

583 573 760 613 Jungamur
783 573 850 614 poli
876 574 1007 607 civibus.

257 655 344 683 Brev.
365 656 524 684 Bremense
542 657 611 692 imp.
635 656 777 684 Coloniae
799 654 881 686 1436.
902 671 939 675 —
962 655 992 690 1,
1017 655 1037 684 4
1056 658 1214 694 Refulgens
1235 665 1288 684 nos
1308 659 1349 684 in.
1371 672 1405 676 —
1427 654 1460 690 2,
1481 654 1501 682 4

181 693 292 728 salvet,
313 693 417 729 polita.
438 709 477 713 —
495 692 522 727 4,
544 692 563 721 4
582 694 637 722 tihi
659 695 772 722 celicat.

602 823 662 856 331.
692 825 737 856 De
758 825 867 857 sancto
886 825 1081 865 Hieronymo.

721 892 769 922 Ad
788 892 946 931 Vesperas.

181 961 213 995 1.
240 961 353 994 Proles
379 960 419 993 de
445 962 531 993 coelo
557 962 680 1000 prodiit
871 964 902 996 4.
930 962 1018 1002 Legi,
1046 962 1223 1002 prophetae
1248 962 1395 1000 primitus

240 1006 470 1049 Magnificique
496 1009 631 1048 generis,
931 1009 1022 1042 Gerit
1046 1013 1171 1050 gratum
1197 1009 1392 1052 obsequium,

237 1056 451 1095 Hieronymus
482 1057 555 1088 dum
579 1056 662 1088 adiit
930 1058 1007 1089 Post
1031 1055 1134 1089 factus
1160 1065 1270 1089 servus
1296 1057 1424 1089 Domini

241 1103 379 1144 Superni
404 1112 536 1143 regnum
564 1103 720 1136 culminis,
928 1104 1107 1137 Monastico
1133 1104 1191 1136 sub
1217 1103 1341 1136 ordine.

179 1163 209 1194 2.
240 1160 366 1202 Spoliat
390 1160 524 1193 Romam
547 1162 663 1200 gaudio
870 1163 901 1195 5.
930 1161 1043 1194 Calens
1073 1162 1130 1194 sed
1156 1170 1267 1194 carens
1293 1161 1446 1201 febribuS,

236 1208 486 1251 Monachosque‚
516 1217 593 1248 quos
619 1209 737 1250 genuit,
929 1208 1048 1241 Christi
1072 1212 1220 1242 aestuans
1246 1217 1363 1252 amore,

240 1255 359 1288 Christi
378 1256 487 1296 jungit
513 1257 681 1297 consortio,
926 1256 1070 1289 Moiiens
1094 1259 1202 1289 monet
1225 1257 1376 1296 precibus

239 1302 347 1336 Genus
373 1303 503 1344 superni
528 1303 675 1336 numinis.
926 1303 1059 1335 Fratres
1082 1313 1196 1345 regens
1223 1313 1291 1336 cum
1318 1305 1434 1345 rigore.

178 1363 209 1394 3.
237 1362 430 1400 Assumptus
457 1369 527 1392 cum
552 1361 705 1400 apostolis
868 1364 899 1395 6.
925 1361 994 1393 Deo
1016 1362 1100 1400 patri
1126 1362 1170 1392 sit
1193 1361 1295 1401 gloria

236 1408 365 1441 Gaudet
388 1408 503 1441 horreo
530 1408 667 1451 Domini,
926 1408 1069 1448 Ejusque
1093 1409 1153 1440 soli
1178 1407 1244 1440 filio

234 1457 272 1488 In
298 1456 498 1495 paupertatis
521 1455 664 1496 praediis
925 1456 1004 1489 Cum
1030 1456 1145 1494 spiritu
1168 1455 1326 1495 paraclito

233 1503 385 1535 Exsultat
409 1512 494 1536 nunc
520 1512 589 1534 cum
612 1503 733 1543 jubilis,
924 1503 962 1535 In
986 1504 1182 1543 sempiterna
1206 1504 1344 1538 saecula.

250 1578 355 1607 Officia
374 1587 427 1606 ms.
450 1587 526 1606 saec.
550 1575 593 1605 15.
628 1579 697 1607 Cod.
713 1577 881 1615 Sangallen.
902 1576 968 1606 415.
988 1592 1027 1596 —
1045 1575 1070 1613 1,
1093 1577 1107 1605 1
1122 1578 1224 1606 Proles
1238 1578 1301 1606 Deo
1322 1579 1440 1615 prodiit.
1457 1595 1490 1599 —

173 1616 206 1651 1,
237 1616 255 1644 2
276 1626 333 1653 que
353 1619 481 1653 ergiinzt.
502 1631 539 1635 -
562 1614 593 1649 1,
618 1615 635 1645 3
656 1617 723 1644 dum
745 1626 776 1644 er
797 1617 874 1644 finzt.
894 1632 931 1636 —
952 1614 982 1650 2,
1007 1614 1021 1643 1
1042 1616 1200 1644 Romanos.
1222 1631 1259 1635 —-
1280 1615 1311 1650 2,
1333 1616 1351 1644 2
1372 1627 1428 1654 qu<²
1455 1627 1491 1645 “rr

172 1657 269 1692 ganzt.
296 1670 334 1674 -
360 1653 391 1688 3,
420 1654 438 1683 2
463 1657 496 1683 in
520 1655 634 1682 horreo.
662 1670 698 1674 -
724 1653 755 1689 3,
822 1654 1001 1691 Paupertate
1020 1655 1159 1690 praediis.
1181 1670 1216 1673 —
1239 1652 1268 1689 ρ,
1298 1654 1318 1683 4
1336 1656 1496 1684 Exsultent

172 1703 250 1722 nune
272 1694 388 1722 Christo
411 1694 526 1730 jubilis.
554 1709 591 1713 --
618 1692 651 1727 4,
682 1692 697 1721 1
718 1693 782 1721 Lex
809 1695 838 1720 et
862 1693 1032 1729 prophetae.
1057 1707 1094 1713 —
1114 1692 1147 1727 4,
1175 1691 1193 1721 3
1214 1693 1287 1721 Post
1306 1696 1434 1731 ergiinzt.
1455 1710 1493 1714 —-

170 1730 196 1766 5,
220 1730 235 1759 1
257 1732 364 1760 Calens
391 1734 479 1760 caret.
508 1747 545 1751 —
574 1729 606 1765 5,
635 1730 653 1760 3
673 1732 750 1759 Mori
769 1734 876 1759 monet.
898 1746 934 1750 —
955 1729 985 1765 5,
1013 1729 1033 1758 4
1053 1740 1118 1759 eum
1139 1732 1266 1768 erganzt.
1302 1749 1326 1752 —
1347 1733 1415 1769 Vgl.
1436 1734 1493 1762 den

170 1770 307 1805 Hymnus
327 1770 418 1798 Mone
443 1770 502 1805 111,
535 1766 590 1797 308
610 1769 671 1805 (Nr.
697 1767 778 1805 932),
807 1778 845 1797 an
864 1769 996 1797 walchen
1016 1769 1066 1797 der
1086 1769 1274 1805 vorliegende
1297 1771 1380 1798 nicht
1399 1772 1492 1800 seiten

172 1809 309 1845 anspielt.

544 1938 611 1970 332.
642 1939 675 1971 In
699 1937 889 1971 Elevatione
910 1947 935 1970 s.
956 1938 1120 1971 Hiltrudis.

669 2007 718 2037 Ad
738 2007 826 2044 vesp.
848 2011 877 2038 et
895 2007 990 2037 Laud.

440 2080 470 2112 1.
497 2077 619 2110 Hortus
645 2077 799 2110 ecclesiae
825 2075 971 2118 fragrans
999 2077 1133 2118 deliciiS,

493 2125 624 2158 Florem
649 2126 826 2158 munditiae
855 2126 1063 2167 praesignans
1089 2126 1178 2169 liliis,

493 2174 631 2207 Odorem
656 2174 779 2215 gratiae
803 2172 887 2207 fudit
914 2174 947 2206 in
972 2173 1104 2217 Laetus,

540 2222 726 2256 Hiltrudem
752 2222 879 2256 Christo
905 2221 1086 2255 foederans,

435 2284 467 2315 2.
494 2282 582 2321 Quae
607 2281 704 2314 claris
732 2279 849 2312 clarior
874 2282 945 2311 orta
968 2280 1140 2320 natalibus,

491 2329 644 2361 Formam
670 2327 840 2361 formosior
867 2328 1004 2359 excessit
1028 2328 1169 2360 moribus

492 2377 686 2417 For-temque
711 2375 829 2408 fortior
855 2375 930 2406 vicit
957 2375 1137 2417 virtutibus,

539 2424 673 2457 Hostem
699 2424 731 2457 in
757 2423 826 2455 Deo
852 2431 1017 2464 superans.

1256 2476 1317 2507 13*
