1653 2637
671 117 930 154 -127—

559 231 621 263 210.
651 231 694 263 Dc
715 232 823 263 saneto
846 229 1053 262 Athelwoltlo.

703 299 752 329 Ad
772 299 899 329 Laudes.

143 367 173 400 1.
203 366 288 400 Coeli
315 370 443 400 senator
467 368 587 409 inclite,

202 414 339 447 Sanctae
363 418 456 456 pater
481 417 647 457 ecclesiae,

204 462 228 496 O
255 462 455 504 Adelwolde,
482 464 644 505 supplices

205 509 291 543 Tuos
317 511 433 544 exaudi
458 512 610 545 servulos.

143 568 175 599 2.
203 566 275 600 Jam
300 568 391 600 sidus
415 568 501 601 inter
524 569 632 602 sidera

202 614 403 655 Resplendes
429 624 525 656 super
550 617 689 660 aethera,

833 370 864 402 3.
892 368 1005 400 Pronis
1036 375 1182 407 rogamus
1207 365 1366 398 mentibus

889 415 953 447 Hic
977 423 1084 447 coram
1110 414 1174 446 tuis
1198 413 1341 455 artubuS‚

891 463 1018 495 Nostris
1043 462 1155 495 adesto
1180 461 1329 502 precibus

895 511 1031 544 Serenus
1061 519 1098 542 ac
1122 509 1290 550 propitius.

859 595 864 601 .
893 567 937 600 Ut
960 568 1024 600 tuis
1050 567 1238 599 necessariis

895 616 1035 647 Protecti
1060 615 1247 656 patrociniis

199 661 302 695 Nobis
327 663 481 703 benignus
506 664 646 704 impetra
893 663 947 694 Ad
971 664 1128 695 coelorum
1155 664 1312 702 perpetua

203 709 357 742 Paracliti
383 711 585 746 charismata,
893 711 1119 743 Perveniamus
1149 709 1274 749 gaudia.

509 771 539 801 5.
569 768 716 801 Praestet
740 768 832 801 nobis
856 768 1014 807 ingenitus

567 815 639 848 Hoc
664 819 758 856 atque
783 815 972 856 unigenitus,

572 864 706 897 Sanctus
732 864 894 896 amborum
921 862 1062 903 spiritus,

570 911 685 944 Trinus
713 914 745 943 et
769 920 848 943 unus
873 910 1041 944 Dominus,

221 983 289 1012 Cod.
310 984 501 1014 Alencom'en.
527 985 576 1022 (ol.
598 986 626 1013 S.
646 986 768 1014 Martini
787 983 916 1021 Sagien.)
942 992 1017 1012 saec.
1044 982 1113 1011 ¹112.
1142 999 1178 1003 —
1205 981 1236 1018 1,
1257 980 1275 1010 3
1304 982 1377 1010 fehlt
1396 983 1461 1010 eine

145 1021 241 1057 Silbe3
263 1023 288 1051 O
310 1024 437 1060 erganzt.

610 1143 665 1176 211.
697 1145 739 1176 De
759 1144 866 1176 sancto
886 1144 1030 1176 Auctore.

682 1213 730 1242 Ad
748 1212 855 1243 Noctu¹
863 1221 941 1242 num.

173 1304 180 1311 .
203 1281 284 1319 Ave,
310 1280 474 1321 pastorale

207 1328 314 1360 Decus
341 1326 567 1368 confessorum,

207 1376 341 1417 Auctor,
368 1375 507 1415 speciale

204 1423 462 1455 Fundamentum
487 1432 619 1455 morum.

170 1506 175 1512 .
204 1479 263 1520 Qui
287 1480 494 1512 auctorizaris

204 1526 350 1560 Nominis
375 1536 413 1560 ex
441 1528 538 1570 glosa,

203 1574 286 1607 Nam
311 1575 435 1608 Auctor
460 1576 594 1615 vocam,

203 1623 253 1654 Tu
277 1626 442 1655 auctorum
467 1631 550 1657 rosa.

168 1705 176 1713 .
203 1682 283 1720 Ave,
310 1688 403 1713 serve
426 1680 498 1720 Dei,

201 1728 336 1760 Praesul
365 1728 587 1770 Treverorum,

203 1775 300 1808 Sidus
325 1778 454 1807 nostrae
479 1775 558 1815 spei,

205 1823 336 1855 Gemma
361 1825 579 1863 patronorum.

201 1880 260 1920 Qui
285 1884 359 1913 actu
384 1880 512 1913 virtutis

200 1929 269 1961 Deo
294 1928 467 1972 servivisti,

202 1977 292 2017 Quod
318 1978 430 2009 auctor
454 1976 566 2009 salutis

200 2026 287 2058 Fore
310 2024 467 2059 meruisti.

165 2108 172 2115 .
199 2084 280 2125 Ave,
310 2081 448 2115 civitatis

201 2131 306 2171 Hujus
331 2132 419 2163 tutor
444 2129 547 2171 fortis,

198 2179 303 2222 Signis
328 2178 496 2212 admiratis

199 2227 329 2260 Nostris
354 2227 460 2259 missis
485 2227 598 2268 portis.

860 1283 892 1315 6.
908 1281 967 1319 Qui
994 1281 1091 1313 ductu
1116 1283 1280 1313 matronae

905 1329 1084 1368 Quaerebas
1108 1330 1278 1368 nostrates,

907 1375 971 1408 Cur
996 1376 1064 1416 tibi,
1089 1378 1233 1416 patrone,

903 1424 1001 1456 Plebs
1025 1423 1164 1456 concinit
1187 1425 1303 1462 grates.

858 1482 890 1514 7.
903 1481 974 1513 Ave
1010 1480 1112 1513 nostri
1135 1479 1247 1520 templi

905 1527 997 1560 Salus
1022 1528 1171 1569 g1oriosa,

903 1575 985 1608 Boni
1014 1574 1072 1608 flos
1098 1576 1235 1615 exempli

906 1623 1048 1663 Spesque
1074 1624 1211 1663 copiosa.

857 1682 889 1714 8.
906 1680 967 1719 Qui
990 1681 1209 1721 reliquiarum,

904 1729 1077 1769 Postquam
1104 1728 1279 1765 decessisti,

902 1775 1040 1808 Munere
1063 1779 1189 1807 tuarum

903 1823 968 1855 Hic
991 1832 1048 1855 nos
1076 1822 1229 1855 ditavisti.

859 1882 890 1913 9.
905 1880 1017 1923 Autor,
1046 1879 1152 1912 fautor
1175 1880 1286 1911 horum

905 1927 955 1961 Tu
978 1927 1049 1959 fore
1076 1928 1218 1970 dignare,

905 1975 1033 2009 Laudes
1060 1976 1147 2015 capis
1170 1984 1303 2015 quorum

905 2024 1033 2064 Hymno
1061 2024 1150 2055 vocis
1177 2023 1290 2055 clarae.

834 2081 888 2115 10.
906 2080 1053 2114 Summae
1077 2081 1215 2113 trinitati

904 2130 991 2163 Laus
1016 2130 1059 2161 sit
1081 2128 1207 2169 hymnis
1233 2128 1338 2169 dignis

904 2178 957 2211 Ex
981 2177 1131 2210 Auctoris
1157 2177 1241 2218 grati

903 2225 1030 2258 Meritis
1061 2229 1092 2258 et
1117 2225 1225 2266 signis.

214 2302 307 2332 Psalt.
336 2304 365 2330 et
388 2303 487 2339 hymn.
515 2311 568 2330 ms.
597 2301 626 2330 S.
655 2301 774 2337 Aegidii
801 2302 992 2329 Brunsvieen.
1020 2309 1095 2329 saec.
1123 2299 1167 2330 15.
1210 2301 1278 2329 Cod.
1293 2301 1463 2337 {Gotingem

136 2342 240 2371 Theoi.
263 2339 328 2370 219.
363 2340 418 2375 (Im
437 2341 568 2378 Katalog
587 2341 662 2377 irrig
682 2340 727 2368 als
747 2340 1026 2376 Riddagshausener
1047 2340 1236 2374 bezeichnet.)
1255 2354 1294 2360 —
1315 2338 1339 2375 2,
1365 2338 1378 2367 1
1402 2340 1459 2374 Qui

138 2389 175 2410 ac
202 2381 403 2409 auctorizaris.
425 2396 462 2400 —
483 2378 514 2413 2,
540 2377 559 2408 3
579 2380 656 2408 Nam
676 2379 804 2415 erg-iinzt.
826 2393 863 2398 -—
884 2376 915 2412 6,
942 2376 960 2405 2

980 2379 1150 2413 Quaerebw
1171 2381 1297 2406 nostras.
1322 2392 1357 2398 -
1383 2376 1414 2413 6,
1446 2376 1466 2407 4

135 2419 205 2449 Ples
227 2419 370 2447 concinet.
395 2433 430 2438 -
452 2416 479 2454 8,
501 2416 519 2446 3
538 2418 662 2446 Munere
682 2417 731 2445 hie
751 2418 876 2444 tuarum.
898 2431 935 2436 ——
958 2414 1001 2452 10,
1023 2414 1040 2445 3
1060 2419 1162 2455 gratis.
