1653 2637
681 116 938 153 -189—

524 216 555 247 5.
577 214 690 246 Honor
712 214 798 253 patri
822 214 865 246 sit
888 216 920 246 et
945 216 1030 255 nato,

626 261 712 293 Laus
739 270 808 294 cum
834 264 944 295 sancto
967 263 1092 306 spiritu,

578 309 638 350 Qui
662 313 815 350 purgatos
838 320 857 342 a
881 314 1014 351 peccato

628 358 668 390 In
694 360 835 391 extremo
860 359 999 391 transitu

582 405 720 438 Claudat
743 404 808 438 fine
831 415 889 439 nos
914 407 1009 439 beato

627 453 815 486 Maurorum
840 455 969 488 intuitu.

235 517 355 554 Antiph.
378 527 431 546 ms.
452 518 481 547 S.
503 519 654 547 Gereonis.
679 518 830 548 Colonien.
851 529 874 547 s.
895 530 924 547 n.
952 528 1027 548 saec.
1047 519 1090 548 15.
1106 523 1138 550 A.
1159 537 1196 541 -
1222 523 1306 550 Miss.
1327 531 1380 550 τηε.
1396 523 1476 551 Beli-

157 556 273 583 sianum
295 564 371 584 saec.
395 555 438 585 15.
480 556 548 585 Cod.
569 557 735 585 Bruxellen.
759 555 910 587 9786—90
928 559 962 585 Β.
985 575 1025 579 —
1042 559 1187 588 Melodiez
1207 561 1309 596 Pange
1328 561 1441 597 lingua.

584 677 651 709 320.
685 678 729 709 De
750 679 858 710 sancto
881 678 1059 720 (lamperto.

161 749 191 781 1.
218 748 249 779 A
273 746 474 781 fundamenti
497 749 611 781 ordine
852 751 885 783 4.

220 795 348 827 Morum
375 799 465 836 gesta
488 797 638 837 inspicite

221 842 332 875 Sancti
358 843 527 885 Gumperti
552 844 676 885 merita,

222 890 309 930 Quae
333 890 414 925 fecit
433 893 466 925 in
495 893 638 925 ecclesia.

161 949 194 980 2.
221 948 376 981 Fundans
398 949 524 982 Mariae
548 950 665 990 virgini
851 953 882 983 5.

220 995 401 1028 Ecclesiam
428 1000 460 1029 et
482 997 563 1029 inibi

224 1043 350 1075 Cultum
375 1046 467 1078 auxit
492 1045 684 1077 dominicum

223 1091 400 1124 instituens
427 1093 603 1133 collegium.

161 1149 192 1180 3.
223 1147 340 1180 Sancto
365 1148 505 1182 Johanni
529 1150 651 1190 paziter
852 1152 882 1184 6.

218 1196 386 1236 Templum
410 1198 529 1230 struxit
552 1197 699 1229 hilariter

220 1244 335 1283 Ibique
360 1244 454 1277 humo
481 1245 607 1285 tegitur,

218 1291 297 1323 Post
326 1292 402 1324 inde
426 1293 488 1325 huc
513 1292 740 1324 transvehitur.

910 750 961 782 Ibi
985 759 1044 790 pro
1070 750 1136 782 suis
1160 751 1283 783 meritis

910 797 973 830 Dei
1000 798 1084 830 dona
1108 799 1276 839 recipiunt,

912 845 972 884 Qui
997 846 1060 877 huc
1087 846 1194 879 devoti
1219 846 1351 878 veniunt

908 893 953 925 Et
983 894 1038 933 pia
1063 896 1137 926 vota
1161 894 1297 926 offerunt

907 950 981 990 EJ'a‚
1012 953 1148 990 patrone
1171 951 1292 992 inclite,

910 998 1027 1030 Sancte
1053 997 1237 1039 Gumperte,
1263 998 1392 1038 porrige

910 1047 974 1078 Pro
999 1045 1092 1077 nobis
1118 1055 1229 1085 preces
1255 1046 1361 1085 hodie,

908 1093 1024 1125 Matris
1051 1093 1171 1126 Christi
1192 1093 1365 1133 Juvamine.

910 1151 1004 1192 Laus,
1031 1150 1142 1191 honor,
1168 1151 1282 1192 virtus,
1309 1150 1413 1190 gloria

911 1198 978 1230 Deo
1007 1197 1155 1238 patrique
1179 1197 1244 1230 filio

909 1246 987 1279 Cum
1013 1247 1122 1278 sancto
1148 1246 1191 1277 sit
1214 1244 1388 1285 spiramine

906 1293 951 1325 Et
974 1302 1058 1325 nunc
1085 1295 1116 1324 et
1140 1294 1174 1325 in
1199 1296 1399 1333 perpetuum.

235 1357 322 1384 Brev.
346 1366 399 1385 ms.
414 1358 633 1387 Onolsbacense
653 1366 729 1385 saec.
752 1356 795 1386 15.
833 1359 902 1386 Ood.
917 1359 1137 1394 Wirceburgen.
1160 1359 1218 1394 Mp.
1240 1358 1281 1384 th.
1297 1367 1313 1385 o
1332 1356 1374 1385 11.
1390 1358 1424 1385 A.
1439 1372 1478 1377 -—

159 1395 245 1423 Brev.
265 1404 319 1423 ms.
341 1395 560 1425 Onolsbarense
580 1404 648 1424 saec
681 1394 724 1424 15.
767 1396 835 1425 Ood.
857 1397 1078 1432 lVirceburgen.
1099 1396 1139 1424 M.
1163 1397 1205 1424 ch.
1228 1405 1244 1424 o
1265 1396 1290 1423 3.
1312 1396 1345 1423 Β.

599 1508 659 1539 321.
690 1507 734 1539 De
754 1510 864 1540 sancta
883 1508 1043 1548 Hedwige.

159 1579 189 1612 1.
219 1577 305 1610 Coeli
330 1581 455 1619 sonant,
480 1588 539 1611 nos
565 1588 723 1617 canamus,
848 1581 881 1612 4.

264 1625 418 1657 Laetetur
443 1627 585 1670 Polonia‚

220 1673 403 1706 Generosae
427 1675 604 1706 recolamus

266 1721 421 1753 Ducissae
445 1723 609 1762 solemnia,

219 1769 320 1801 Prece
346 1769 436 1808 cujus
461 1770 669 1802 ascendamus

267 1817 319 1849 Ad
348 1819 479 1849 aeterna
503 1818 630 1858 gaudia.

160 1876 190 1907 2.
219 1874 310 1906 Haec
334 1874 510 1917 Hedwigis‚
540 1874 657 1907 Christi
680 1885 763 1918 rosa,
853 1877 884 1908 5.

263 1923 363 1956 Flore
387 1920 505 1955 florens
530 1923 663 1964 gratiae,

216 1971 285 2003 Sibi
310 1971 405 2011 spina
429 1971 596 2003 stimulosa

264 2019 380 2051 Poenis
405 2020 632 2061 poenitentiae,

213 2068 340 2100 Alienis
366 2065 530 2100 fructuosa

263 2115 394 2148 Nardus
421 2116 600 2149 alimoniae.

155 2178 186 2210 3.
215 2174 338 2215 Corpus
365 2177 458 2207 extra
484 2175 654 2216 castigavit
850 2176 881 2209 6.

262 2223 350 2256 Zona
377 2231 447 2255 eum
475 2223 590 2264 cilicio,

212 2272 304 2305 Intus
331 2279 458 2303 carnem
484 2273 660 2304 maceravit

262 2319 359 2352 Fletu
385 2328 456 2351 cum
480 2320 614 2361 ¹iejunio‚

214 2367 277 2399 Cor
301 2367 335 2399 in
360 2365 425 2399 fine
449 2368 616 2400 roboravit

261 2414 346 2447 Vera
372 2416 611 2456 contemplatio.

908 1580 960 1611 Ad
984 1579 1059 1619 quid
1086 1579 1208 1619 loquar,
1236 1587 1314 1619 quos
1339 1580 1479 1620 gustavit

957 1627 1069 1666 Panes,
1097 1627 1194 1669 cibos,
1224 1625 1363 1666 pocula?

909 1676 962 1708 Sic
986 1674 1138 1706 luctando
1163 1675 1348 1707 terminavit

956 1722 1059 1762 Huius
1084 1723 1170 1754 vitae
1194 1722 1332 1765 saecula,

908 1770 970 1802 Pro
997 1779 1059 1809 qua
1083 1769 1170 1801 Deus
1195 1772 1244 1802 tot
1265 1770 1456 1802 monstravit

956 1818 994 1850 In
1020 1817 1115 1849 terris
1141 1818 1306 1851 miracula.

913 1874 1092 1907 Suscitatur
1117 1883 1197 1914 puer
1222 1883 1317 1906 sanus

955 1923 1090 1954 Rotatus
1114 1923 1147 1954 in
1173 1921 1312 1962 flumine,

908 1970 1134 2010 Dependentes
1163 1971 1251 2002 levat
1271 1979 1384 2002 manus

958 2018 1067 2051 Simon
1093 2019 1223 2059 quidam
1249 2018 1385 2058 nomine,

909 2067 995 2100 Orba
1020 2067 1090 2099 visu
1115 2067 1205 2099 videt
1228 2076 1307 2099 anus

956 2115 1151 2148 Restaurato
1177 2115 1306 2147 lumine.

910 2172 1022 2206 Gloria
1048 2175 1080 2204 et
1103 2172 1206 2205 honor
1229 2172 1299 2205 Deo

955 2221 1129 2261 Usquequo
1155 2221 1322 2262 altissimo,

907 2270 982 2304 Una
1007 2269 1093 2309 patri
1118 2268 1259 2312 filioque,

955 2318 1071 2350 Inclito
1097 2318 1264 2359 paraclito,

909 2365 965 2398 Cui
990 2366 1059 2398 laus
1083 2369 1132 2398 est
1157 2369 1189 2398 et
1212 2368 1355 2406 potestas

954 2414 1018 2446 Per
1042 2416 1174 2447 aeterna
1197 2414 1335 2446 saecula.
