1653 2637
712 85 945 120 -34‘

622 179 673 210 44.
702 179 746 209 De
766 178 877 210 Sancto
897 176 1026 218 Spiritu.

671 246 720 275 Ad
740 244 976 283 Completorium.

860 315 890 348 2.
918 312 1051 344 Noctem
1073 312 1238 345 obscuram
1263 320 1398 353 remove,

919 361 1017 393 Omne
1042 360 1191 392 delictum
1215 360 1317 399 ablue,

236 409 330 442 Dona
353 411 408 442 tua
433 413 465 441 et
485 418 618 441 munera
917 406 1019 439 Nobis
1043 408 1199 440 medelam
1222 408 1329 439 tribue

237 457 290 489 Ad
315 460 425 489 nostra
450 458 530 489 dura
554 458 694 496 pectora.
918 454 989 487 Jam
1016 458 1048 486 et
1070 454 1103 486 in
1129 454 1214 487 omni
1237 457 1389 494 tempore.

518 516 549 547 3.
575 514 718 554 Praesta,
743 515 837 551 pater
861 511 1013 552 piissime,

571 561 704 593 Praesta
727 568 787 600 per
812 560 928 591 almum
954 559 1110 599 spiritum,

570 608 646 641 Sine
672 616 731 646 quo
755 607 847 639 labor
875 606 983 639 deficit

570 655 615 687 Et
638 654 718 687 nihil
745 655 874 695 dignum
899 653 1007 687 efficit.

252 721 331 748 Orat.
351 729 402 748 ms.
428 728 503 748 saec.
529 718 572 748 15.
613 719 681 747 0011.
701 719 869 756 Sangallen.
889 717 954 747 482.

178 315 211 348 1.
239 315 285 347 Te
309 324 393 347 nunc
417 323 593 355 precamur,
620 315 759 357 spiritus,

237 362 357 395 Emitte
381 362 471 395 nobis
498 363 628 395 coelitus

624 821 672 852 45.
709 821 753 853 De
776 821 887 853 Sancto
908 819 1036 861 Spiritu.

718 888 767 918 At]
788 888 925 918 Primam.

860 960 891 991 2.
916 956 1031 989 Visum
1055 956 1192 989 fovendo
1218 959 1365 995 contegas

180 959 213 991 1.
238 960 308 992 Jam
335 967 426 997 nunc,
453 961 587 998 paterna
612 957 747 999 trinitas,

915 1004 1134 1045 Lingua-mque
1156 1006 1298 1036 nostram
1324 1001 1471 1047 [dirigas]

235 1006 364 1038 Exaudi
385 1013 561 1045 precesque
583 1008 720 1045 nostras,

239 1053 285 1086 Ut
305 1054 338 1084 in
365 1053 485 1085 diurnis
511 1052 633 1084 actibus
916 1052 961 1084 Et
984 1054 1073 1083 actus
1097 1053 1221 1083 nostros
1247 1051 1360 1083 ordina

237 1100 303 1133 Nos
328 1109 446 1134 serves,
460 1110 479 1133 a
502 1099 698 1132 nocentibus.
919 1099 1084 1138 cordaque
1104 1101 1214 1131 nostra
1237 1099 1376 1131 subleva.

595 1158 625 1189 3,
651 1156 738 1189 mud
763 1156 908 1197 concede,
937 1156 1061 1188 trinitas

648 1203 694 1235 Et
715 1203 856 1236 indivisa
877 1204 994 1246 unitas,

650 1250 768 1283 Domos
791 1259 903 1290 regens
927 1250 1076 1291 pacificas

652 1299 783 1330 Aetates
810 1307 867 1340 per
890 1298 1085 1333 interminas,

263 1365 341 1392 Orat.
363 1373 414 1392 ms.
439 1372 513 1392 saec.
537 1363 580 1392 15.
621 1363 690 1391 Cod.
715 1363 881 1400 Sangallen.
902 1361 968 1391 482.

630 1464 677 1496 46.
713 1465 756 1496 De
775 1464 886 1496 Sancto
908 1464 1038 1505 Spiritu.

726 1531 774 1562 Ad
794 1533 932 1562 Tertiam.

861 1603 894 1634 2.
920 1601 1061 1633 Sciamus
1085 1604 1118 1633 te
1146 1601 1279 1643 diligere

921 1649 1028 1688 Atque
1051 1649 1212 1682 mundana
1236 1657 1397 1690 spernere,

238 1694 379 1736 Dignare
405 1705 458 1728 cor
482 1697 657 1729 accendere
918 1696 1026 1729 Mores
1050 1699 1176 1729 nostros
1203 1698 1371 1740 corrigere,

237 1744 343 1783 Atque
365 1743 427 1775 tibi
448 1744 622 1776 attendere.
918 1743 1009 1776 Bona
1033 1746 1162 1777 aeterna
1186 1753 1328 1784 poscere.

593 1803 626 1834 3.
649 1801 736 1833 Illud
761 1801 910 1841 concede,
935 1801 1074 1834 trinitas.

253 1866 331 1894 Orat.
354 1875 405 1894 ms.
426 1875 501 1895 saec.
524 1866 568 1895 15,
609 1867 677 1895 Cod.
699 1866 866 1903 Sangallen.
886 1864 952 1894 482.
973 1883 1009 1887 -—
1030 1865 1056 1900 2,
1080 1866 1094 1895 1
1122 1868 1165 1895 Ut
1183 1869 1310 1896 sciamus
1331 1869 1360 1895 te
1379 1868 1434 1895 Hs.

185 1602 217 1633 1.
244 1601 268 1633 O
294 1600 359 1643 lux,
385 1600 481 1633 beata
503 1602 641 1640 trinitas,

238 1647 283 1679 Et
306 1649 495 1689 principalis
521 1649 634 1689 unitas,

629 1967 676 1998 47.
709 1966 752 1998 De
771 1966 882 1998 Sancto
902 1966 1032 2007 Spiritu.

732 2033 780 2064 Ad
800 2034 927 2064 Sextam.

861 2104 892 2137 2.
919 2103 1080 2142 Absterge
1105 2112 1197 2135 omne
1220 2106 1349 2138 noxium

914 2151 1068 2191 Fugaque
1092 2160 1183 2183 omne
1205 2153 1387 2198 pessimum,

913 2196 1029 2231 Confer
1053 2199 1187 2231 salutem
1213 2209 1380 2241 corporum

914 2245 1092 2287 Veramque
1116 2256 1228 2286 pacem
1255 2249 1407 2284 cordium.

594 2305 625 2337 3.
652 2302 743 2335 Istud
771 2303 916 2344 concede,
944 2302 1081 2336 trInitas.

254 2372 334 2400 Orat.
353 2379 407 2399 ms.
428 2378 503 2399 saec.
527 2369 569 2399 15.
611 2368 680 2398 God.
702 2367 870 2405 Sangauen.
890 2366 956 2398 482.
976 2383 1014 2389 —-
1036 2367 1060 2405 1,
1083 2369 1103 2398 4
1121 2370 1228 2409 Daque
1249 2373 1277 2400 ei
1296 2372 1351 2401 Hs.

182 2104 211 2137 1.
238 2104 356 2136 Rector
382 2105 484 2136 trinus
508 2113 567 2143 per
591 2105 696 2135 omnia

234 2151 279 2184 Et
302 2161 383 2183 unus
405 2153 438 2183 in
465 2151 651 2195 substantia,

234 2199 322 2240 Rege
345 2202 400 2231 tua
424 2200 520 2232 oviiia

237 2247 350 2288 Daque
375 2247 419 2279 eis
444 2247 545 2280 utilia.
