1653 2637
757 144 802 149 --
852 125 918 160 126
966 144 1013 149 -

657 216 724 248 208.
755 217 797 248 De
817 217 927 248 sancta
944 215 1118 256 Apollonia.

783 284 831 314 Ad
848 283 974 314 Laudes.

238 342 267 373 1.
295 341 439 382 Laetare,
466 344 540 376 Sion
566 344 685 381 inclita,
916 347 948 378 4.
977 343 1111 375 Vincens
1136 344 1296 384 mundum,
1326 340 1500 380 daemonia,

296 389 431 421 Domino
457 391 544 423 solve
570 391 701 432 cantica,
975 390 1118 429 Carnem,
1146 393 1304 422 tormenta
1328 389 1427 430 varia,

293 437 427 468 Aeterni
450 438 551 478 patris
575 436 653 476 filio,
975 437 1074 469 Laeta
1097 447 1156 477 pro
1183 437 1308 470 Christo
1336 436 1472 468 Domino

294 483 375 524 Regi
400 492 508 524 regum
533 484 695 516 altissimo.
972 485 1013 517 Se
1037 484 1185 516 submisit,
1206 484 1356 523 hospitio.

235 541 268 571 2.
291 540 480 579 Apoloniam
505 540 643 572 nobilem
913 541 945 573 5.
972 541 1137 581 Signorum
1163 550 1202 573 ex
1228 540 1407 580 frequentia

295 587 332 618 In
357 587 467 627 poenis
492 588 546 629 qui
568 587 760 619 immobilem
968 588 1047 628 Ejus
1074 588 1192 621 Christi
1217 587 1384 620 clementia

292 633 394 673 Fecit,
420 633 485 665 fide
511 634 734 677 doctissimam,
967 636 1012 667 Et
1036 644 1055 666 a
1079 645 1140 675 quo
1166 639 1240 667 suut
1262 635 1355 666 utilia

293 680 403 724 Carne,
431 685 537 713 mente
562 682 778 716 castissimam,
968 683 1139 715 Hominum
1163 684 1257 724 plura
1281 682 1378 714 milia.

233 737 264 769 3.
290 736 474 769 Nobilitatis
497 746 612 778 genere
911 740 942 773 6.
971 740 1075 772 Prece
1099 740 1166 779 ejus
1192 742 1224 771 et
1247 739 1359 770 merito

292 784 406 823 spreto
431 793 511 824 quae
537 785 640 825 coepit
665 786 771 818 vivere
969 786 1112 819 Chiistus
1136 796 1194 819 nos
1218 794 1316 826 regno
1342 786 1459 818 coelico

288 831 382 863 More
407 835 563 864 castorum
588 832 744 872 virginum
968 833 1082 865 Servos
1108 834 1219 874 dignos
1245 831 1373 873 efficiat,

291 877 450 910 Christum
474 879 583 912 Jesum
607 881 815 919 sequentium.
964 881 1046 912 Vota
1072 883 1181 913 nostra
1203 879 1361 921 peificiat.

583 936 613 968 ’7.
637 936 732 968 Alma
756 936 839 976 quod
864 939 1006 976 praestet
1029 936 1154 968 trinitas

637 982 682 1014 Et
704 983 844 1015 indivisa
866 984 981 1026 unitas,

640 1028 735 1069 Cujus
756 1033 864 1062 manet
886 1031 1052 1070 imperium

635 1076 728 1108 Nunc
752 1079 784 1109 et
807 1085 866 1117 per
890 1086 981 1109 omne
1005 1077 1173 1109 sacculum.

301 1139 385 1167 Brcv.
407 1148 458 1167 ms.
478 1140 718 1177 Pedepontanum
737 1144 807 1169 anni
824 1139 904 1169 1398.
935 1142 1004 1170 Cod.
1024 1141 1155 1169 Meliten.
1176 1142 1300 1178 Pragen.
1315 1139 1343 1169 8.
1363 1142 1427 1169 add.
1449 1149 1526 1170 saec.

229 1174 272 1203 15.
349 1175 375 1209 2,
395 1175 415 1204 4
436 1177 471 1205 In
491 1187 586 1206 carne.
607 1192 644 1196 —
664 1177 690 1215 5,
713 1178 728 1206 1
748 1180 833 1208 Lies:
856 1183 900 1207 est
918 1179 1101 1216 frequentia?

628 1270 695 1301 209.
726 1271 767 1302 De
787 1271 893 1302 sancto
913 1270 1117 1302 Athelwoldo.

762 1338 811 1367 Ad
829 1338 985 1376 Vesperas.

465 1397 497 1429 1.
522 1396 655 1429 Inclitus
681 1401 790 1437 pastor
813 1398 985 1438 populique
1010 1400 1125 1438 rector,

520 1445 616 1484 Cujus
642 1445 795 1485 insignem
821 1446 951 1477 colimus
978 1445 1180 1484 triumphum,

519 1491 612 1523 Nunc
635 1492 841 1525 Adelwoldus
866 1493 935 1524 sine
958 1492 1022 1525 fine
1045 1493 1147 1525 laetus

565 1539 690 1578 Regnat
710 1540 745 1571 in
768 1540 874 1572 astris.

461 1594 492 1626 2.
519 1595 577 1634 Qui
597 1597 689 1634 pater
712 1599 820 1628 noster
843 1594 905 1627 fuit
929 1599 961 1628 et
984 1596 1144 1636 magister,

520 1641 684 1674 Exhibeas
710 1651 821 1676 sacrae
847 1643 1034 1676 documenta
1058 1643 1143 1675 vit-ae

517 1689 562 1721 Et
585 1689 653 1722 Deo
678 1699 803 1730 semper
826 1693 972 1731 satagens
994 1692 1121 1732 placere

565 1736 668 1769 Corde
694 1737 839 1778 benigne.

461 1794 492 1825 3.
520 1793 544 1826 O
572 1792 652 1826 diem
679 1797 832 1834 sanctum,
860 1794 1027 1840 celebrem,
1055 1803 1228 1836 coruscum,

519 1840 615 1880 Quem
640 1840 702 1873 Dei
726 1842 816 1874 nobis
842 1842 944 1881 pietas
969 1843 1118 1884 sacravit,

516 1887 562 1920 Ut
585 1889 672 1930 patri
696 1892 784 1921 tanto
808 1898 986 1922 mereamur
1008 1890 1125 1923 almum

563 1937 714 1968 Promere
740 1940 875 1969 cantum.

459 1992 492 2024 4.
518 1991 612 2023 Nunc
636 2000 707 2023 eum
730 1993 802 2024 nisu
825 1993 997 2034 rogitemus
1022 2003 1139 2036 omneS,

520 2039 641 2070 Abluat
664 2042 806 2071 nostrum
830 2039 902 2079 pius
926 2043 961 2072 ut
986 2044 1108 2073 reatum

516 2085 561 2117 Et
584 2094 641 2117 sua
665 2089 776 2118 sancta
799 2095 895 2127 prece
919 2097 975 2119 nos
1001 2088 1042 2121 ad
1067 2089 1166 2120 altum

558 2133 664 2165 Ducat
687 2133 863 2174 Olympum.

458 2189 491 2220 5.
518 2188 566 2220 Sit
589 2188 658 2222 Deo
683 2190 742 2221 soli
769 2191 864 2222 decus
891 2193 923 2222 et
945 2193 1097 2232 potestas²

515 2235 599 2268 Laus
621 2236 654 2267 in
680 2238 812 2270 excelsis
837 2237 937 2270 honor
962 2242 994 2270 et
1016 2239 1176 2279 perennis,

515 2283 575 2322 Qui
599 2284 662 2315 suis
688 2288 788 2317 totum
812 2285 980 2318 moderans
1006 2286 1162 2328 gubernat

588 2330 725 2372 Legibus
751 2334 869 2366 orbem.

293 2396 360 2427 Cod.
381 2396 568 2425 Alenconien.
589 2395 636 2432 (01.
658 2397 686 2426 S.
708 2399 829 2427 Martini
849 2398 976 2436 sagien.)
995 2407 1070 2428 saec.
1093 2398 1168 2430 lllm.
