1653 2637
674 124 935 159 —184—

415 225 446 257 5.
471 222 559 255 Fons
585 225 633 254 est
656 224 758 263 pater,
784 220 855 254 fons
880 220 982 260 patris
1006 218 1141 259 genitus,

472 272 558 304 Fons
583 270 689 301 vitalis
715 269 876 301 amborum
904 266 1045 306 spiritus,

471 320 510 351 In
536 326 596 358 quo
621 320 732 349 nostra
756 317 841 348 salus
866 317 914 346 est
938 314 1084 352 omnium,

474 366 531 398 Cui
555 367 625 397 laus
650 365 701 402 sit,
727 363 839 405 honor,
864 361 1044 401 imperium,

229 441 286 469 Ex.
307 441 377 469 eod.
397 449 450 468 ms.
470 440 501 468 S.
521 439 636 467 Gisleni
655 438 739 466 Anal.
761 437 895 465 Rolland.
916 437 967 464 VL
990 434 1055 464 301.

598 568 653 599 311.
683 568 726 599 De
749 566 857 598 sancto
880 566 1012 599 Gislono.

681 636 729 665 Ad
749 634 940 665 Nocturnum.

415 705 446 738 1.
475 705 578 737 Pulsis
602 706 696 745 longe
720 704 823 736 somni
847 704 1030 743 vaporibus,

474 753 568 784 Pater
592 761 723 792 summo,
750 752 792 783 da
813 751 1019 792 vigilantibus

474 800 527 831 Sic
550 801 670 832 instare
694 799 856 831 nocturnis
882 799 1037 836 cantibus,

474 847 520 880 Ut
548 851 579 878 et
605 847 702 879 corda
727 846 921 879 concordent
944 846 1084 877 vocibus,

420 904 451 935 2.
477 903 578 934 Voces
604 911 747 942 quorum,
773 902 912 939 Gislene‚
936 901 1090 941 praeveni

475 950 519 981 Et
544 958 601 990 pro
626 949 717 981 nobis
739 950 878 988 judicem
905 949 1046 990 conveni,

475 998 573 1039 Insta,
600 1005 687 1037 roga,
713 997 850 1036 suppiex
873 996 1043 1035 interveni,

478 1043 682 1083 Supplicibus
709 1044 876 1083 dignanter
899 1043 1042 1074 subveni.

415 1101 445 1132 3.
473 1101 510 1132 In
534 1109 685 1140 aquarum
710 1102 873 1132 versantes
898 1100 1003 1132 medio

473 1147 668 1179 Laboramus
693 1148 783 1187 gravi
808 1147 938 1186 diluvio,

473 1195 613 1227 Perituri
637 1203 768 1234 prorsus
793 1194 968 1235 naufragio,

475 1242 509 1274 Si
533 1251 596 1274 non
620 1245 676 1274 tua
696 1243 787 1281 juvet
811 1243 923 1275 oratio.

415 1302 448 1332 4.
474 1299 676 1331 Ursidondus
701 1299 792 1339 aquis
816 1300 975 1339 intumuit,

475 1346 570 1384 Cujus
595 1349 699 1378 tumor
723 1355 786 1378 non
811 1350 843 1378 te
867 1346 1007 1384 retinuit,

475 1394 571 1426 Carni
595 1391 680 1424 forte
704 1394 805 1425 sinum
829 1394 964 1433 aperuit,

475 1440 539 1473 Sed
564 1440 700 1472 animam
726 1441 813 1473 coelo
838 1441 981 1473 inseruit.

419 1499 450 1530 5.
476 1497 528 1529 Ibi
552 1497 655 1528 lumen
683 1497 829 1529 diurnum
854 1498 1005 1539 adspicis,

473 1544 625 1575 Nostram
648 1547 754 1576 tamen
777 1547 902 1576 noctem
926 1554 989 1577 non
1015 1544 1164 1583 despicis,

473 1590 537 1623 Soli
563 1599 668 1624 vacas,
694 1592 728 1623 in
753 1601 844 1631 quem
871 1595 903 1623 et
926 1592 1094 1631 prospicis,

472 1637 542 1669 Nec
566 1648 585 1670 a
609 1641 664 1670 tua
687 1648 745 1670 nos
771 1648 847 1671 cura
870 1640 1011 1679 projicis

416 1696 448 1728 6.
475 1694 677 1727 Celebremus
702 1704 776 1736 ergo
802 1696 936 1736 vigilias,

470 1742 589 1774 Demus
613 1743 689 1774 laeti
713 1743 825 1775 laudes
851 1746 882 1775 et
906 1744 1036 1784 gratias,

476 1789 526 1821 Sit
547 1790 676 1821 honoris
702 1790 797 1822 decus
821 1792 969 1832 perpetui

476 1838 576 1877 Patri,
602 1840 687 1876 nato,
712 1841 821 1870 sancto
846 1839 983 1878 spiritui.

226 1912 282 1940 Ex.
305 1912 373 1940 God.
397 1911 426 1939 S.
448 1911 560 1940 Gisleni
577 1913 664 1940 Anal.
679 1912 813 1940 Bolland.
834 1913 883 1945 VI„
905 1910 970 1941 302.
990 1928 1028 1933 —
1049 1914 1108 1940 Der
1123 1913 1260 1946 Hymnus
1280 1913 1321 1940 ist
1340 1913 1385 1940 als
1406 1913 1462 1948 „ad

147 1949 266 1978 Nonas“
287 1950 466 1982 bezeidmet,
486 1958 547 1978 was
569 1950 622 1978 auf
639 1952 724 1978 einen
742 1951 911 1979 Lesefehler
930 1951 1184 1979 zurflckzuffihren
1204 1951 1269 1978 sein
1287 1951 1375 1987 xvii-(13
1401 1951 1461 1986 vgl.

150 1987 175 2022 1,
198 1987 225 2017 3.
246 2003 283 2007 -
305 1987 329 2023 6,
352 1987 369 2015 2
390 1990 420 2015 et
440 1987 557 2022 laudes3
578 1991 609 2015 et
628 1990 668 2016 ist
686 1997 724 2015 zu
744 1989 845 2025 tilgen.

593 2117 654 2150 312.
688 2118 730 2149 De
749 2120 855 2150 saneto
879 2119 1010 2151 Gisleno.

699 2186 748 2215 Ad
766 2186 895 2217 Laudes.

149 2256 182 2288 1.
206 2254 311 2287 Adest
336 2255 403 2286 dies
427 2255 574 2296 lucidior,
830 2257 862 2289 2.
889 2256 990 2288 Nobis
1017 2257 1138 2290 coelum
1161 2259 1228 2298 jam
1252 2264 1411 2301 penetrat,

209 2301 319 2342 Spirat
342 2311 420 2333 aura
439 2303 576 2343 suavior,
887 2304 981 2336 Diem
1006 2309 1173 2339 venturum
1198 2308 1361 2349 impetrat,

208 2349 389 2382 Gratiarum
414 2350 469 2383 lux
491 2349 612 2389 rutilat,
890 2352 951 2384 Pro
978 2352 1069 2385 nobis
1095 2355 1203 2387 adstat
1224 2357 1338 2396 judici,

205 2397 306 2430 Nobis
333 2397 480 2430 Gislenus
505 2397 626 2437 vigilat.
885 2400 984 2432 Juvat
1011 2410 1108 2440 prece
1129 2412 1189 2435 nos
1213 2405 1362 2445 supplici.
