1653 2637
702 96 755 140 '-
808 113 875 150 191
925 134 972 139 —

426 215 457 248 5.
484 214 584 247 Plura
607 214 759 246 mirantes
784 212 915 252 pietatis
942 213 1021 253 eJus,

482 261 607 302 Lingua
631 270 712 303 quae
735 269 795 292 nee
820 269 908 293 mens
933 261 1021 293 valet
1045 260 1195 301 experiri,

485 309 652 342 Credimus
679 310 768 349 eujus
793 310 944 349 precibus
965 307 1069 341 foveri

532 356 636 390 Nocte
662 358 786 398 dieque.

426 435 458 467 6.
486 433 631 466 Gloriam
655 434 743 474 patri
767 442 951 465 resonemus
977 442 1096 473 omnes,

487 480 631 514 Gloriam
658 484 733 514 nato
759 481 945 522 pariterque
969 483 1079 514 saneto

486 529 627 562 Flamini
652 531 761 562 noster
785 529 899 561 chorus
925 532 957 561 et
981 529 1116 561 resultat

536 577 637 610 Omne
662 586 721 617 per
746 586 868 610 aevum.

264 662 376 697 Hymn.
404 671 460 690 ms.
484 661 655 697 Campensis
681 663 752 690 anni
776 659 857 689 1462.
900 661 969 690 Cod.
989 661 1207 689 Darmstadien.
1229 658 1293 688 521.
1317 675 1350 679 —
1374 658 1398 694 1,
1420 657 1437 687 3
1457 667 1503 686 su-

189 701 254 728 biit.
276 714 314 718 -—
335 698 361 734 5,
385 698 403 727 2
423 700 505 728 valet
524 700 694 736 exprimere.

602 850 669 882 324.
704 851 748 882 De
770 852 876 882 saneto
900 850 1092 889 Hieronymo.

216 958 223 966 .
248 930 475 970 Hieronymus,
503 929 560 962 flos
588 932 763 970 doctorum,
880 933 911 963 4.
939 929 1169 970 Hieronymum
1194 931 1402 969 Augustinu5‚

298 978 366 1010 Dos
392 982 542 1010 aeternae
566 978 728 1019 scientiae,
985 977 1143 1009 Eusebius
1170 980 1201 1008 et
1227 976 1365 1016 Cyrinus

251 1025 302 1058 De
330 1025 426 1058 choro
452 1025 702 1068 seraphinorum,
940 1024 1099 1064 Laudant,
1126 1025 1210 1064 quod
1234 1026 1318 1055 totus
1345 1023 1470 1055 divinus

297 1074 356 1105 Vir
388 1073 491 1105 duleis
517 1074 724 1113 eloquentiae.
984 1072 1055 1111 Est,
1095 1073 1210 1111 clarus,
1247 1070 1384 1111 fervens,
1417 1072 1505 1100 tran-

1280 1118 1408 1159 quillus.

217 1223 223 1230 .
250 1197 440 1237 Hieronymi
465 1195 582 1229 florens
606 1198 674 1230 vita
882 1198 914 1229 5.
940 1197 1143 1239 Hieronyme‚
1172 1196 1224 1235 pie
1248 1197 1351 1235 pater,

299 1245 472 1277 Aerumnis
499 1247 531 1276 et
554 1245 718 1277 laboribus
991 1243 1098 1276 Servis
1129 1244 1281 1284 propinet
1302 1242 1397 1274 luteis

250 1294 353 1325 Tersa
378 1295 483 1326 exstat
508 1295 540 1324 et
563 1293 675 1334 polita,
941 1293 1013 1325 Hoe
1035 1294 1108 1323 tuus
1134 1291 1273 1322 mellitus
1299 1292 1415 1328 crater,

298 1340 390 1372 Nitet
415 1341 513 1381 plena
538 1339 725 1380 fulgoribus.
990 1339 1082 1378 Quod
1107 1339 1260 1370 hauserat
1285 1338 1325 1370 de
1349 1336 1463 1377 puteis.

218 1443 225 1451 .
251 1417 450 1458 Hieronymo
476 1417 676 1449 modulemur
886 1418 917 1450 6.
943 1415 1141 1456 Hieronymo
1166 1414 1359 1455 sempiterno

300 1465 512 1505 Triumphum
538 1473 635 1504 super
661 1465 792 1497 aethera
990 1463 1151 1496 Fruamur
1175 1461 1398 1500 modulamine,

252 1513 298 1545 Et
322 1516 507 1545 constanter
533 1512 561 1543 ei
587 1511 709 1545 femur:
945 1511 1006 1550 Qui
1032 1511 1138 1543 divino
1165 1519 1222 1542 nos
1247 1510 1387 1542 Falerno

299 1561 348 1592 Tu
369 1570 452 1593 nova
476 1560 539 1592 seis
566 1563 597 1591 et
619 1563 739 1593 vetera.
993 1559 1111 1598 Replet
1136 1562 1168 1590 et
1192 1566 1283 1589 sacro
1308 1556 1446 1589 flamine.

559 1637 589 1671 7.
616 1637 666 1670 Sit
689 1645 774 1669 nune
799 1644 927 1678 semper
952 1635 1007 1667 uni
1029 1636 1113 1668 trino

664 1685 760 1724 Laus,
786 1685 897 1723 honor,
925 1684 1037 1723 virtuS,
1063 1683 1175 1724 gloria,

620 1733 681 1772 Qui
705 1741 762 1764 nos
787 1741 894 1764 morsu
917 1731 1100 1771 serpentino

665 1780 770 1812 Eruat
795 1782 827 1811 et
852 1780 973 1820 aporia.

272 1866 363 1893 Psalt.
386 1875 439 1894 ms.
461 1866 702 1903 Engelbergense
721 1863 768 1893 40.
791 1872 868 1892 saec.
892 1862 935 1892 15.

611 2017 678 2049 325.
708 2017 753 2048 De
774 2017 882 2048 saneto
902 2015 1101 2054 Hieronymo.

742 2094 789 2124 Ad
808 2094 966 2133 Vesperas.

217 2204 224 2211 .
253 2175 478 2210 Collaudemus
504 2178 694 2208 venerantes
886 2177 918 2209 2.
946 2173 1082 2208 Carnem
1109 2173 1225 2211 domat,
1253 2172 1444 2213 aspernatur

300 2225 436 2257 Beatum
460 2223 702 2266 Hieronymum,
993 2222 1087 2266 Opes,
1115 2220 1226 2253 mundi
1252 2220 1399 2259 eulmina,

252 2272 441 2313 Eremitam‚
469 2270 693 2315 confessorem,
945 2271 1033 2309 Orat,
1060 2271 1178 2311 plorat,
1207 2268 1392 2308 meditatur,

300 2321 475 2353 Doctorem
501 2319 662 2361 eximium,
991 2319 1110 2359 Arguit
1133 2320 1164 2349 et
1190 2315 1334 2357 erimina,

250 2369 302 2401 Ex
327 2368 479 2401 Haebreo
503 2368 537 2399 in
562 2367 713 2400 Latinum
945 2365 1075 2408 Scribit,
1100 2366 1188 2406 legit,
1216 2366 1368 2404 operatur

299 2416 540 2449 Translatorem
566 2416 730 2456 optimum.
994 2414 1137 2447 Plurima
1162 2412 1333 2447 volumina.
