1653 2637
670 107 932 147 *216—

585 221 652 254 374.
683 222 725 255 De
745 231 770 254 s.
791 223 915 255 Kanuto
937 222 1029 263 Rege.

705 300 754 329 Ad
772 300 900 330 Laudes.

151 376 182 409 1.
208 378 410 418 Accelerant,
439 384 475 410 ut
499 379 635 418 rapiant,
834 380 864 411 3.
889 379 1007 418 Regem
1035 378 1129 418 digne
1153 378 1302 411 mirificat

210 424 315 464 Iniqui
341 429 447 457 coetus
472 426 641 466 hominum,
892 426 1068 458 Sanitatum
1097 425 1286 467 frequentia,

206 473 444 512 Persequuntur
468 476 500 505 et
524 473 657 513 vigilant
892 474 990 513 Quam
1016 476 1152 505 testatur
1177 477 1209 505 et
1232 474 1398 514 praedicat

207 519 324 559 Regem
351 529 440 552 suum
466 524 497 552 et
522 521 691 555 dominum.
892 521 1112 561 Languentum
1139 530 1215 552 cura
1240 521 1338 553 varia.

149 576 184 607 2.
210 576 261 608 Ab
287 576 402 616 iniquis
430 577 503 608 dum
527 577 689 616 plectitur,
833 578 866 609 4.
890 577 987 617 Regis
1013 586 1108 618 prece
1132 578 1316 609 dulcissima

207 623 345 663 Dignum
370 623 484 663 linquit
507 624 667 667 memoria,
892 624 969 660 Nos,
995 625 1083 657 Deus
1108 626 1256 665 clemens,
1283 625 1401 664 adjuva

206 671 269 702 Pro
295 669 359 702 fide
385 670 505 703 Christi
529 671 661 703 moritur
890 671 934 703 Et
959 672 1069 704 mundi
1094 673 1134 704 (le
1158 673 1289 704 miseria
1371 672 1374 675 '

207 718 277 749 Rex
302 720 430 749 sanctus
454 719 487 750 in
513 719 658 753 ecclesia.
890 719 1018 751 Perduc
1042 720 1084 751 ad
1110 720 1191 752 coeli
1215 720 1339 761 gaudia.

485 776 515 808 5.
542 775 638 815 Laus,
666 776 775 816 honor,
802 776 913 819 virtus,
939 776 1040 816 gloria

543 822 612 854 Deo
636 823 722 862 patri
748 826 780 854 et
801 823 878 862 filio,

544 869 660 901 Sancto
685 870 779 902 simul
802 872 958 910 paraclito

546 917 660 956 Regali
684 926 742 957 pro
770 918 912 952 victoria.

223 1000 305 1027 Brev.
326 999 538 1027 Roschildense
561 1001 631 1036 imp.
652 1000 776 1028 Parisiis
806 1000 886 1028 1517.
914 1016 950 1021 -
979 999 1007 1037 17
1034 999 1054 1029 4
1074 1011 1158 1029 suum
1176 1004 1303 1039 ergiinzt.
1324 1017 1360 1021 —
1381 1000 1412 1036 2,
1439 1001 1459 1030 4

153 1039 270 1064 sanctus
292 1041 321 1064 et
341 1037 473 1065 ecclesia.

559 1167 622 1198 375.
656 1166 698 1199 De
719 1169 830 1199 saneta
851 1168 1040 1200 Katharina.

388 1257 418 1287 1.
446 1256 470 1288 O
496 1257 598 1295 patris
624 1257 735 1298 gloria,
764 1257 871 1297 proles
897 1258 1049 1298 virginea,

439 1303 526 1344 ¹lesu=
553 1312 610 1335 rex
635 1304 753 1343 inclite,
781 1305 954 1344 psallentes
979 1309 1119 1345 protege,

442 1350 521 1382 Cum
546 1351 657 1382 laudes
683 1351 816 1391 virginis
840 1352 1001 1391 praeclari
1026 1353 1171 1392 nominis,

490 1398 689 1430 Katharinae
716 1399 919 1432 concinimus.

383 1455 414 1485 2.
441 1455 527 1493 Quae
551 1455 609 1487 sub
633 1455 796 1488 Maxentio
821 1459 986 1496 torquetur
1010 1458 1108 1497 impio

441 1501 550 1543 Fame,
579 1504 769 1541 carceribus,
796 1506 876 1543 rota,
903 1504 1099 1545 verberibus,

443 1548 605 1588 Cruorque
629 1552 740 1582 tenera
763 1558 921 1590 purpurat
945 1551 1057 1592 latera,

487 1595 642 1628 Mucrone
665 1597 793 1629 tandem
816 1598 969 1629 caeditur.

382 1653 413 1683 3.
441 1652 540 1690 Quam
567 1653 707 1685 condunt
731 1654 836 1693 angeli
859 1654 892 1686 in
914 1657 1021 1686 monte
1046 1654 1143 1696 Sinai,

440 1699 491 1731 De
517 1700 604 1739 cujus
631 1700 692 1732 olei
719 1709 852 1741 corpore
876 1702 972 1734 rivuli

440 1747 573 1779 Manent
597 1748 791 1789 perenniter,
821 1750 907 1781 unde
931 1749 1102 1782 salubriter

489 1795 604 1835 Aegiis
630 1794 792 1828 confertur
817 1797 929 1837 gratia.

383 1853 415 1883 4.
441 1851 519 1890 Nos,
546 1852 634 1892 virgo
660 1853 758 1893 regia,
783 1852 923 1886 transfer
949 1854 989 1885 ad
1014 1854 1141 1895 gaudia,

438 1898 483 1931 Ut
514 1899 577 1930 tuis
602 1900 749 1939 precibus
776 1904 957 1933 sanctorum
982 1901 1124 1933 coetibus

439 1946 586 1978 Admixti
607 1947 726 1987 jugiter
752 1946 894 1980 fruamur
921 1949 1056 1981 dulciter

487 1992 624 2025 Deitatis
652 1994 785 2028 deliciis,

381 2053 412 2083 5.
440 2050 573 2082 Praesta
596 2051 666 2090 hoc,
694 2052 817 2091 genitor
843 2053 962 2091 optime
987 2053 1132 2096 maxime,

437 2097 508 2128 Hoc
532 2099 575 2137 tu,
603 2101 678 2129 nate
703 2098 764 2130 Dei
790 2103 820 2131 et
846 2099 928 2131 bone
953 2101 1095 2141 spiritus,

438 2144 587 2185 Regnans
612 2149 766 2185 perpetuo
789 2146 913 2186 fulgida
935 2148 1062 2181 trinitas

488 2192 549 2224 Per
575 2196 687 2225 cuncta
711 2193 764 2233 pie
788 2195 926 2227 saecula.

214 2276 317 2303 Dium.
339 2284 391 2302 ms,
413 2274 627 2303 Steinfeldense
646 2284 721 2304 saec.
746 2275 788 2305 15.
825 2278 893 2306 Cod.
915 2278 1131 2307 Darmstadien.
1156 2279 1236 2309 1104.
1257 2283 1292 2310 A.
1314 2297 1351 2302 —
1368 2286 1452 2313 Βῑθγ,

136 2324 190 2343 ms.
218 2313 390 2342 coloniense
417 2321 492 2341 saec.
517 2311 559 2340 15.
600 2312 669 2342 Cod.
696 2315 869 2344 Namurcen.
897 2315 943 2344 45.
965 2316 998 2343 B.
1027 2331 1064 2336 —·
1094 2318 1177 2346 Brev.
1203 2329 1256 2347 ms.
1278 2320 1454 2352 Coloniense

138 2352 286 2430 {asgnssig
311 2351 386 2419 god.
407 2350 572 2379 Bruxellen.
594 2349 755 2380 3023-24.
777 2354 809 2382 C.
831 2368 868 2373 --
891 2353 915 2389 1,
938 2352 959 2382 4
977 2357 1175 2390 praecinimus
1198 2358 1230 2386 G.
1249 2373 1289 2379 -ι
1309 2358 1335 2395 5,
1356 2360 1375 2389 2
1393 2363 1453 2390 Tu-
