1653 2637
713 121 950 159 ..ῃ-.-

655 215 696 247 31.
726 215 861 248 sabbato
883 215 1005 246 Sancto.

728 274 777 304 Ad
796 274 931 305 Fontem.

176 334 206 366 1.
233 330 356 366 Audite
388 342 497 365 vocem
523 335 632 376 hymni
862 335 892 367 5.
919 330 1098 367 Kandidati
1120 333 1187 372 jam
1213 334 1299 377 estis,

233 380 278 412 Et
301 389 369 423 vos,
396 382 450 421 qui
475 383 551 414 estis
578 382 676 423 digni,

234 429 273 461 In
297 428 358 459 hac
382 429 477 462 beata
500 431 594 462 nocte

233 475 428 508 Descendite
452 477 495 509 ad
518 476 633 510 fontes.

177 534 210 567 2.
238 531 364 567 Currite
388 534 471 567 sicut
496 534 582 567 cervi

237 581 290 613 Ad
317 579 421 613 fontes
445 582 534 615 vivos
559 581 660 624 verbi,

234 628 343 661 Bibite
366 638 479 670 aquam
504 631 619 671 vivam,

234 675 370 708 Habetis
394 677 523 717 plenam
547 676 654 709 vitam.

176 734 206 766 3.
233 731 380 767 Donatur
403 734 494 766 nobis
517 735 640 775 signum

235 782 266 813 A
291 781 451 813 salvatore
477 782 615 822 dignum,

234 829 295 868 Qui
317 830 473 868 pependit
496 830 531 861 in
554 829 650 871 ligno,

234 876 387 910 Tradidit
411 886 467 909 nos
493 877 661 917 baptismo.

175 936 208 967 4.
237 930 383 968 Gaudete
407 934 572 974 baptizati,

233 983 264 1013 A
290 981 416 1014 Christo
445 982 596 1020 coronati,

237 1029 354 1061 Albam
378 1029 504 1061 habetis
528 1031 660 1068 vestem,

237 1076 383 1109 Chrisma
406 1077 553 1116 peruncti
579 1076 664 1109 estis.

921 381 1065 413 chrisma
1088 381 1237 421 peruncti
1262 381 1346 425 estis,

919 428 1049 468 Hysopo
1076 428 1246 469 emundati,

919 476 972 508 Ad
996 475 1100 508 fontes
1125 476 1214 507 vivos
1238 476 1350 509 renati.

890 561 896 567 .
922 530 1075 567 mundate
1101 532 1198 565 corda
1222 534 1339 572 vestra,

918 581 964 614 Ut
988 584 1110 613 crescat
1133 579 1213 612 fides
1237 582 1354 624 vestra,

917 628 954 660 In
978 629 1050 669 ipsa
1071 630 1266 669 permanete,

919 675 1050 717 Semper
1073 676 1176 708 Deum
1202 676 1321 708 timete.

884 758 891 765 .
918 730 971 767 Ex
994 735 1141 774 Aegypto
1166 735 1329 773 venerunt,

918 781 978 821 Qui
1001 790 1089 813 mare
1113 780 1318 821 transierunt,

919 828 1059 860 Virtutes
1086 830 1300 868 cognoverunt

919 876 962 908 Et
986 877 1098 909 laudes
1124 878 1340 908 cantaverunt.

887 960 894 967 .
921 930 1031 967 Gloria
1053 933 1122 975 tibi,
1150 932 1284 975 Christe,

921 980 980 1019 Qui
1004 982 1088 1021 regis
1113 989 1170 1011 nos
1196 980 1340 1020 benigne,

921 1028 971 1060 Tu
995 1029 1145 1060 miserere
1169 1027 1271 1070 nobis,

923 1076 981 1115 Qui
1009 1084 1121 1115 passus
1148 1083 1180 1106 es
1205 1084 1263 1114 pro
1289 1075 1389 1107 nobis.

252 1141 339 1170 Grad.
365 1150 418 1169 ms.
440 1149 516 1168 saec.
538 1138 582 1169 11.
623 1140 692 1168 (jod.
714 1140 808 1176 Capit.
828 1139 970 1167 Mutinen.
993 1140 1016 1168 Ο
1037 1140 1051 1167 Ι
1073 1141 1100 1168 N
1128 1136 1171 1166 13.
1199 1155 1235 1159 —
1261 1140 1318 1167 Mit
1335 1139 1404 1167 Mel.
1428 1139 1487 1167 und

176 1180 327 1216 folgender
340 1180 445 1207 Notiz:
466 1180 531 1207 Hoc
556 1179 669 1214 expleto
690 1180 795 1214 incipit
814 1186 928 1206 omnem
947 1179 1035 1205 ritum
1055 1178 1194 1214 baptismi
1211 1178 1358 1213 pabulum,
1383 1186 1486 1213 quous-

179 1226 236 1253 que
256 1217 344 1245 stella
363 1218 395 1244 in
409 1217 490 1245 coelo
506 1218 650 1253 apparuit.
683 1217 757 1244 Visa
771 1217 858 1244 stella
868 1217 975 1250 incipit
988 1218 1074 1243 tertia
1085 1217 1206 1251 litania3
1227 1218 1270 1243 ter
1283 1218 1488 1251 pronuntiatur

179 1259 282 1292 terque
311 1255 510 1290 respondetur.
538 1268 575 1274 —-
602 1252 633 1288 1,
660 1252 677 1282 3
699 1255 812 1282 Bibete.
838 1268 875 1272 —
902 1252 932 1287 3,
962 1252 976 1281 1
997 1255 1138 1282 Donator.
1164 1268 1201 1272 —-
1226 1251 1257 1286 3,
1283 1253 1300 1281 2
1321 1255 1366 1282 Ad
1391 1255 1486 1282 calva-

179 1297 281 1322 toi·em.
302 1308 339 1311 —
359 1292 394 1327 4,
421 1291 438 1320 2
458 1294 503 1320 Ad
524 1293 651 1321 Christo.
671 1308 710 1311 —
730 1291 761 1327 5,
792 1291 806 1320 1
826 1291 899 1320 fehlt
919 1293 983 1319 cine
1004 1292 1098 1328 Silbe3
1122 1292 1184 1327 jam
1205 1293 1331 1328 ergtlnzt.
1353 1307 1391 1312 —-
1411 1291 1443 1329 6,
1469 1292 1488 1321 4

180 1332 259 1360 Eine
280 1332 363 1361 silbe
383 1340 421 1358 zu
440 1332 514 1367 viel3
536 1332 591 1359 lies
611 1332 695 1358 nati?
715 1347 754 1351 —
773 1329 799 1365 6,
821 1329 839 1358 2
859 1332 981 1357 vestras.
1002 1345 1038 1349 —
1059 1329 1085 1366 6,
1106 1327 1124 1358 3
1143 1331 1248 1366 ipsum.
1269 1346 1306 1349 —
1326 1329 1352 1365 8,
1373 1330 1391 1359 2
1411 1333 1489 1367 regis

180 1370 264 1404 hanc,
285 1370 358 1398 iiber
377 1370 527 1397 letzterem
549 1378 611 1397 nos.

631 1460 677 1492 32.
707 1461 750 1492 De
769 1460 961 1492 Vulneribus
982 1461 1038 1492 DN.

182 1581 214 1614 1.
239 1581 358 1621 Pange,
383 1579 502 1623 lingua,
529 1580 667 1621 gloriosa

289 1628 463 1660 Vulnerum
485 1628 647 1667 solemnia,

241 1675 361 1708 Mentis
386 1676 502 1708 cedant
522 1675 679 1710 nubilosa,

288 1722 408 1754 Serena
437 1724 501 1755 sint
522 1723 637 1765 omnia,

243 1771 288 1804 Ut
309 1771 480 1803 laudentur
505 1780 673 1804 amoenosa

289 1817 408 1850 Summi
433 1819 518 1859 regis
543 1819 701 1858 stigmata.

182 1879 212 1909 2.
240 1876 452 1910 Pessumdata
476 1877 621 1909 luctuosa

290 1924 401 1957 Crucis
424 1924 607 1965 ignominia,

243 1974 343 2006 Vivae
369 1973 474 2004 carnis
498 1972 696 2012 triumphosa

287 2020 450 2061 Receptae
474 2020 597 2053 laetitia

239 2070 341 2109 Quina
365 2068 426 2101 sibi
451 2070 596 2109 speciosa

286 2116 435 2150 Servavit
459 2118 600 2150 monilia.

182 2178 213 2210 3.
241 2176 364 2215 Corpus
387 2183 463 2207 vere
485 2175 670 2207 suscitatum

286 2222 440 2257 Praebuit
462 2223 636 2264 palpabile,

238 2273 310 2305 Non
336 2270 438 2313 figura
463 2272 644 2304 simulatum

287 2320 480 2354 Phantasiae
504 2320 618 2353 simile.

236 2368 492 2402 Resurrectionis
521 2370 646 2410 gratum

284 2417 403 2450 Munus
431 2418 487 2450 dat
512 2416 675 2450 credibile.

870 1878 888 1909 ΕΣ(

725 1519 773 1549 Ad
794 1520 950 1557 Vesper-as.

869 1582 899 1613 4.
927 1581 1121 1612 Veneremur
1148 1579 1267 1612 Christi
1290 1582 1372 1613 mire

974 1628 1176 1660 Praeclaram
1201 1629 1385 1667 potentiam,

928 1675 986 1714 Qui
1011 1679 1173 1708 veternam
1198 1678 1309 1708 mortis
1336 1678 1425 1709 <lirae

973 1724 1111 1756 Mutavit
1136 1724 1333 1768 sententiam,

927 1771 1097 1803 Pristinam
1122 1770 1198 1802 filiis
1222 1772 1291 1803 irae

973 1819 1125 1851 Reddens
1149 1819 1371 1853 innocentiam.

893 1901 900 1907 .
929 1877 1136 1916 Redemptori
1160 1877 1290 1909 laudum
1315 1880 1390 1910 vota

973 1924 1126 1957 Reddant
1150 1925 1246 1956 cosmi
1272 1926 1409 1966 climata,

927 1971 1114 2013 Stigmatum
1142 1981 1254 2005 cruore
1278 1974 1346 2006 lota

974 2020 1036 2052 Per
1060 2023 1152 2053 tanta
1177 2021 1378 2063 charismata,

926 2068 1100 2102 Jubilando
1126 2069 1311 2102 solemnizet

972 2117 1066 2149 Nova
1088 2117 1229 2158 psallens
1255 2119 1431 2160 dragmata.

892 2200 897 2205 .
925 2174 1010 2207 Laus
1035 2178 1164 2207 aeterno
1189 2177 1326 2216 genitori

973 2223 1018 2256 Et
1043 2233 1157 2256 coaevo
1182 2223 1259 2266 filio,

925 2271 1010 2304 Laus
1034 2272 1198 2305 amborum
1222 2274 1351 2316 unitori,

973 2320 1141 2353 Pneumati
1169 2321 1322 2362 salvifico,

927 2368 1024 2409 Cujus
1049 2369 1243 2410 gubernatur
1265 2372 1401 2404 mundus

976 2417 1069 2449 Dulei
1093 2417 1252 2453 benificio.
