1653 2637
733 133 967 169 -75-

382 233 420 265 In
449 232 563 265 mediis
589 232 701 273 opibus
727 232 879 264 meretrix
903 233 1058 264 nocturna
1083 232 1223 264 cucullos

427 280 529 313 Induo
554 281 747 321 prostituens
771 281 806 313 in
829 280 941 312 mediis
967 279 1088 319 opibus.

380 327 449 360 Nec
472 330 616 360 metuens
640 328 809 361 Dominum
832 326 955 367 projeci
980 327 1118 359 carmine
1142 328 1273 369 vultum,

315 375 358 408 30
429 374 598 409 offendens
623 376 754 408 nimium
777 384 837 408 nec
860 380 1001 407 metuens
1026 375 1203 408 Dominum.

380 422 507 456 Semino
532 431 616 455 nunc
639 424 787 456 lacrimas
813 423 854 456 ad
879 431 970 455 serae
994 422 1109 463 gaudia
1133 423 1244 456 messis

428 471 473 503 Et
496 474 570 511 post
594 471 724 504 delicias
747 471 868 504 semino
892 480 976 503 nunc
999 469 1155 503 lacrimas.

381 518 506 551 Gaudia
530 519 677 559 sustinui,
701 519 824 551 lucrum
849 519 876 550 si
900 517 1005 559 prima
1028 519 1146 560 recepi,

425 566 640 599 Lucrificante
664 567 732 599 Deo
757 566 874 607 gaudia
898 565 1041 600 sustinui.

316 615 358 648 35
382 614 451 646 Nec
474 614 586 654 procul
612 616 661 645 est
684 613 792 653 opifex
817 622 971 655 gemmam
998 614 1134 645 carbone
1157 612 1314 655 refingens

426 662 472 694 Et
495 661 647 701 gremium
671 662 827 702 pandens,
853 670 913 695 nec
934 661 1047 701 procul
1072 664 1120 692 est
1144 659 1261 702 opifex.

382 709 442 751 En,
468 708 524 740 ubi
549 709 654 741 vultus
679 709 771 741 adest
796 717 949 749 quaerens
976 708 1104 741 oracula
1127 709 1250 750 matris,

424 758 508 789 Prae
531 756 615 788 natis
640 756 810 797 hominum,
838 765 886 797 en,
917 756 970 788 ubi
995 759 1088 788 natus
1114 757 1214 789 adest.

378 804 492 837 Vultus
518 805 610 836 adest
636 804 772 844 Domini,
801 804 850 836 cui
872 806 957 835 totus
983 803 1136 836 sternitur
1160 804 1257 844 orbis,

315 854 359 887 40
431 852 527 892 Signo
549 851 663 892 judicii
688 852 793 884 vultus
818 852 911 884 adest
934 850 1071 886 Domini.

376 900 465 941 Ergo
489 898 630 932 fremunt
653 900 764 940 populi
786 908 847 932 nec
871 901 997 931 cessant
1019 899 1156 931 tundere
1178 901 1292 940 pectus

425 947 548 980 Matres
573 956 643 979 cum
668 947 805 992 senibus,
833 955 906 988 ergo
932 946 1072 979 fremunt
1093 947 1214 987 populi.

379 996 510 1029 Sistitur
534 996 568 1027 in
593 995 672 1027 solio
697 994 825 1027 Domini
849 994 1024 1034 spectabile
1048 995 1171 1035 signum

427 1043 665 1082 Theotocosque
688 1051 745 1074 suo
768 1042 891 1074 sistitur
914 1043 947 1074 in
972 1042 1063 1075 solio.

316 1092 359 1124 45
382 1090 468 1122 Hinc
492 1090 665 1130 thymiama
691 1089 820 1132 dabunt,
846 1090 920 1121 hinc
944 1089 1088 1122 balsama
1109 1090 1213 1129 prima
1238 1090 1406 1129 reponunt,

424 1138 511 1170 Thus
537 1138 761 1178 myrrhamque
786 1138 904 1176 ferunt,
930 1137 1004 1169 hinc
1026 1138 1199 1178 thymiama
1225 1136 1356 1169 dabunt.

378 1185 444 1217 Dat
467 1185 577 1218 schola
603 1184 727 1217 Graeca
753 1186 852 1218 melos
878 1188 910 1216 et
933 1185 1025 1225 plebs
1049 1185 1193 1217 Romana
1217 1193 1363 1217 susurros

424 1233 468 1265 Et
493 1234 591 1265 variis
616 1233 753 1266 modulis
781 1234 836 1265 dat
860 1233 969 1265 schola
994 1232 1118 1265 Graeca
1142 1232 1251 1266 melos

378 1280 482 1320 Kyrie
508 1281 723 1320 centuplicant
749 1283 780 1312 et
804 1281 917 1321 pugnis
942 1283 1075 1321 pectora
1098 1281 1237 1322 pulsant,

316 1328 358 1361 50
430 1328 557 1361 Christe
581 1326 698 1370 faveto,
725 1331 846 1368 tonant,
877 1328 978 1368 Kyrie
1005 1328 1228 1368 centuplicant.

625 1423 783 1456 Invitatio
806 1423 851 1456 ad
876 1423 1072 1456 orationem.-

376 1500 589 1533 Sollicitemus
614 1500 653 1532 ob
679 1501 740 1533 hoc
763 1501 935 1533 Dominum
958 1509 1064 1544 prece,
1091 1501 1242 1542 carmine,
1265 1500 1375 1540 lingua

421 1549 466 1581 Et
489 1551 622 1581 matrem
647 1548 777 1581 Domini
797 1549 1004 1581 sollicitemus
1029 1551 1068 1583 ob
1094 1549 1164 1583 hoc.

375 1596 472 1637 Virgo
495 1596 611 1635 Maria,
639 1601 708 1629 tuos
735 1597 918 1629 clementius
939 1596 1070 1637 adspice
1091 1599 1193 1638 natos,

421 1644 551 1677 Exaudi
577 1644 721 1688 famulos,
748 1644 837 1686 virgo
861 1645 978 1683 Maria,
1002 1648 1082 1679 tuos,

309 1694 352 1726 55
375 1691 579 1733 Supplicibus
604 1692 743 1724 lacrimis
769 1693 828 1725 tibi
853 1701 931 1733 grex
956 1701 1026 1724 cum
1050 1693 1212 1733 spargitur
1236 1692 1334 1734 urbis,

423 1741 518 1772 Alma
539 1741 655 1783 Maria,
681 1739 755 1773 fave
779 1740 978 1780 supplicibus
1003 1741 1154 1774 lacrimiS.

375 1788 484 1820 Turba
507 1789 605 1828 gemit
629 1788 740 1829 populi
764 1788 888 1821 modico
916 1789 1098 1821 discrimine
1123 1789 1191 1829 leti,

426 1836 543 1869 Sancta
567 1835 682 1877 Maria,
709 1835 769 1867 tibi
793 1835 887 1868 turba
912 1839 1010 1877 gemit
1034 1836 1155 1877 populi.

374 1882 492 1916 Sancta
515 1883 578 1916 Dei
602 1884 749 1924 genitrix,
774 1884 948 1916 Romanam
971 1885 1098 1924 respice
1121 1884 1248 1924 plebem

308 1933 351 1966 60
423 1933 632 1973 Ottonemque
656 1931 738 1970 fove,
766 1935 877 1964 sancta
901 1932 962 1964 Dei
986 1932 1133 1973 genitriX.

372 1980 499 2012 Tertius
526 1980 600 2013 Otto
623 1982 697 2012 tuae
721 1980 814 2012 nixus
839 1980 993 2012 solamine
1016 1981 1143 2021 palmae

420 2030 553 2062 Praesto
579 2027 622 2061 sit
645 2029 757 2061 veniae
781 2028 895 2061 tertius
921 2029 995 2062 Otto
1020 2032 1104 2061 tuae,

372 2077 435 2109 Hic
457 2076 527 2118 tibi,
553 2077 582 2109 si
607 2077 683 2117 quid
707 2076 815 2118 habet,
844 2077 957 2110 devoto
982 2081 1113 2117 pectore
1136 2079 1289 2120 praestat,

419 2125 579 2166 Spargere
602 2134 665 2157 non
692 2124 818 2158 dubitat
839 2125 894 2164 hic
915 2125 986 2169 tibi,
1012 2126 1041 2157 si
1066 2125 1142 2166 quid
1165 2124 1274 2159 habet.

306 2175 349 2208 65
374 2172 522 2207 Gaudeat
546 2173 647 2206 omnis
672 2173 775 2216 homo,
803 2173 877 2214 quia
902 2176 1012 2215 regnat
1037 2174 1151 2206 tertius
1175 2174 1260 2215 Otto,

417 2223 509 2255 illius
534 2222 669 2263 imperio
694 2222 832 2263 gaudeat
856 2223 957 2255 omnis
982 2222 1086 2257 homo.

259 2296 433 2326 Pontificale
457 2298 622 2326 Romanum
654 2307 707 2326 ms.
735 2305 811 2325 saec.
835 2294 879 2325 10.
929 2297 997 2326 Ood.
1024 2299 1159 2327 Casinen.
1186 2295 1240 2326 451
1267 2295 1351 2334 (246).
1380 2312 1417 2317 -
1442 2296 1503 2325 Ein

181 2336 501 2382 Prozessionsliymnus
527 2345 580 2364 aus
609 2336 660 2364 der
679 2337 746 2365 Zeit
765 2336 832 2364 Otto
859 2336 915 2364 ΠΙ.
956 2337 1084 2389 „Incipit
1104 2346 1221 2366 carmen
1240 2338 1273 2364 111
1292 2338 1502 2374 Assumptione

183 2377 302 2403 sanctae
321 2377 435 2404 Mariae
456 2384 488 2403 111
507 2378 606 2409 nocte,
634 2374 751 2412 quando
772 2374 873 2403 tabula
891 2377 1033 2411 portatur.

1091 2376 1165 2404 Dies
1185 2376 1259 2404 wird
1279 2376 1391 2405 erklart
1411 2376 1502 2405 durch

183 2413 229 2442 die
249 2414 385 2451 folgende
404 2413 491 2450 (auch
511 2415 543 2441 in
563 2414 660 2442 dieser
679 2415 734 2442 Hs.
755 2412 941 2449 befindliche)
966 2413 1057 2443 Stelle
1077 2414 1127 2443 des
1150 2415 1228 2444 Ordo
1248 2416 1415 2444 Romanus:
1450 2416 1503 2453 „In

182 2453 249 2489 ipsa
267 2461 391 2489 vespera
410 2452 582 2489 vigiliarum
598 2454 791 2489 praeparatur
805 2452 950 2489 quoddam
963 2455 1158 2489 portatorium
1172 2455 1204 2481 in
1220 2457 1322 2483 sancto
1338 2455 1500 2484 Laurentio
