1653 2637
663 113 924 148 -162—

576 224 641 256 273.
672 225 717 256 De
736 225 849 256 saneta
868 222 1018 262 Dympna.

638 292 687 321 Ad
706 291 796 328 Vesp.
818 292 847 320 et
863 288 951 318 Noet.

169 388 176 396 .
203 361 299 394 Vocis
324 364 470 400 erumpat
493 361 617 400 puritas

201 407 322 440 Laudis
340 408 375 440 in
398 407 599 446 sacrificium,

204 457 303 496 Quam
328 456 441 488 beatae
465 455 648 487 solemnitas

203 503 372 543 Dympnae
395 504 501 534 movet
526 502 567 534 ad
593 501 752 542 gaudium.

170 587 177 594 .
202 559 300 600 Regis
325 558 452 600 gentiiis
476 556 545 590 filia

205 606 307 639 Suave
336 606 447 646 J'ugum
471 604 600 637 Domini

204 653 294 685 Tulit
317 663 336 685 a
359 652 509 692 pueritia,

206 701 375 740 Templum
399 708 435 732 se
459 698 552 731 offert
574 698 707 730 numini.

171 782 181 791 .
204 757 312 788 Matre
342 755 492 788 defuncta
515 755 602 787 filiae

205 804 275 836 Rex
298 804 480 844 concupivit
503 803 651 845 speciem,

208 852 347 883 Cernens
372 852 404 883 in
432 852 498 890 ejus
524 849 608 882 faeie

207 898 350 938 Sponsae
374 898 479 930 vultus
504 898 638 938 effigem.

827 359 860 391 4.
887 357 1005 390 Tentat
1032 358 1064 389 in
1090 364 1205 388 vanum
1232 356 1359 389 deditus

887 404 1083 437 Gentilitatis
1110 404 1220 445 cultui,

887 452 975 491 Quod
1000 451 1158 491 inspirata
1184 450 1315 483 coelitus

886 499 1063 532 misceatur
1087 499 1231 533 incestui.

853 583 860 590 .
887 556 1045 598 Gemmas,
1072 557 1178 587 vestes
1203 558 1237 586 ei,
1259 555 1395 594 praedia

889 603 930 635 Se
957 604 1144 635 donaturum
1171 601 1295 645 asserit,

889 652 975 690 Quae
998 659 1088 682 mens
1115 658 1250 682 coronae
1275 650 1402 681 conscia

888 698 987 731 Velut
1008 697 1193 738 figmenium
1217 698 1353 737 respuit.

854 781 861 788 .
889 756 1092 798 Quaesumus,
1123 756 1234 786 auctor
1259 753 1409 793 omnium,

887 802 933 835 Ut
956 802 1056 843 ipsius
1081 800 1230 842 suffragio

887 850 955 882 Des
979 857 1188 888 supernorum
1214 848 1330 880 civium

889 896 990 929 Nobis
1016 895 1081 928 frui
1106 896 1274 928 consortio.

225 973 346 1009 Antiph.
365 981 420 1000 ms.
440 972 566 1000 &telense
585 980 660 1000 saec.
684 969 727 999 15.
748 971 812 999 add.
834 979 910 999 saec.
930 968 1004 999 ²⁵ue.

583 1101 650 1133 274.
681 1102 724 1132 De
744 1102 852 1132 saneta
872 1100 1022 1141 Dympna.

712 1168 761 1197 Ad
780 1168 909 1198 Laudes.

177 1265 183 1272 .
212 1237 288 1269 Sion
311 1238 345 1269 in
369 1238 472 1277 portis
498 1236 583 1269 filiae

210 1284 358 1318 Resultet
382 1294 443 1317 vox
467 1284 619 1323 laetitiae,

213 1332 315 1364 Plena
336 1332 443 1364 laudis
468 1335 502 1363 et
524 1331 635 1372 gioria,

212 1378 323 1419 Sitque
347 1387 435 1411 mens
462 1378 531 1415 voci
557 1379 653 1410 socia.

181 1462 188 1468 .
214 1436 352 1475 Tempus
377 1438 540 1475 acceptum
565 1435 672 1474 rediit,

216 1483 282 1522 Quo
307 1483 459 1523 Dympna
485 1483 604 1515 coelum
627 1483 731 1524 petiit,

213 1530 274 1563 Dei
305 1531 472 1569 conjuncta
495 1529 561 1562 filio

215 1575 384 1618 Signorum
410 1581 491 1609 teste
515 1577 616 1610 radio.

182 1662 188 1668 .
214 1634 291 1667 Flos
316 1635 396 1667 vivit
418 1636 450 1666 in
475 1633 657 1673 virtutibus,

215 1682 301 1715 Dum
324 1683 448 1714 vinctos
471 1682 505 1713 in
531 1680 738 1721 compedibus

215 1729 280 1762 Sua
305 1730 422 1761 virtute
446 1729 586 1762 liberans

212 1777 332 1810 Educit
357 1777 495 1811 claustra
518 1784 675 1808 reserans.

838 1239 868 1271 4.
897 1237 1037 1278 Virginis
1062 1245 1174 1268 sacrae
1199 1235 1308 1276 bajuli,

896 1285 986 1325 Quod
1012 1284 1046 1315 hi
1071 1286 1177 1315 essent
1199 1283 1368 1325 increduli,

898 1331 1021 1371 Corpus
1045 1339 1176 1363 movere
1198 1333 1368 1374 nequeunt,

895 1379 1007 1411 Donec
1030 1378 1073 1411 ad
1096 1378 1193 1411 fidem
1216 1380 1361 1412 redeunt.

862 1460 869 1468 .
897 1436 936 1467 In
964 1444 1024 1475 quo
1050 1435 1135 1468 vitae
1158 1443 1232 1476 spes
1257 1435 1370 1468 aberat

897 1482 1151 1523 Submersusque
1173 1484 1325 1523 perierat,

898 1530 1020 1570 Corpus
1046 1531 1148 1570 surgit
1172 1531 1323 1571 inanime,

899 1578 1032 1610 Cessant
1054 1580 1223 1617 parentum
1248 1578 1408 1613 lacrimae.

864 1659 871 1666 .
901 1634 978 1667 Cum
1002 1633 1147 1673 genitore
1171 1635 1295 1674 genitus

896 1683 959 1714 Per
983 1683 1092 1713 tantae
1114 1682 1227 1713 matris
1249 1683 1366 1715 merita

898 1728 1007 1761 Sancti
1034 1729 1151 1761 virtute
1174 1729 1308 1769 spiritus

898 1775 1035 1808 Relaxet
1054 1779 1166 1808 nostra
1191 1777 1309 1810 debita.

230 1851 349 1887 Antiph.
370 1861 423 1880 ms.
445 1851 569 1880 Gelense
589 1858 664 1878 saec.
688 1848 731 1878 15.
752 1850 817 1878 add.
839 1858 914 1878 saec.
936 1847 1011 1878 15116.
1033 1865 1071 1870 —
1094 1848 1121 1884 6,
1143 1847 1160 1876 2
1180 1853 1281 1880 tantae
1301 1855 1449 1889 martyris.

633 1971 699 2003 275.
728 1971 772 2002 De
791 1970 898 2001 saneto
918 1969 1001 2001 Elia.

394 2043 426 2076 1.
451 2043 552 2074 Festa,
576 2044 701 2073 saerata
725 2048 805 2072 voce
827 2040 1023 2072 laetabunda

453 2088 567 2121 Coneio
592 2090 701 2120 nostra
727 2086 867 2119 celebret
894 2088 1017 2126 devota,

452 2136 520 2175 Qua
546 2136 597 2167 die
623 2135 743 2167 eoelum
767 2135 873 2166 tendit
898 2134 941 2166 ad
967 2135 1136 2174 Olympum

501 2181 635 2215 Sanctus
659 2181 760 2216 Elias.

394 2241 426 2273 2.
452 2239 513 2278 Qui
535 2238 638 2270 'tribus
663 2237 754 2270 anuis
782 2238 903 2270 coelum
928 2238 1027 2270 verbo
1055 2238 1178 2278 clausit,

452 2286 503 2318 Ne
528 2286 620 2317 daret
644 2285 789 2326 imbrem,
815 2286 956 2325 pluviam
984 2285 1035 2317 vel
1061 2294 1175 2327 rorem,

454 2333 500 2366 Ut
524 2332 682 2365 Jezabelis
707 2333 797 2373 impii
822 2332 940 2365 furorIs

500 2379 618 2413 Ferret
643 2380 816 2421 decretum,
