1653 2637
731 141 965 177 —81—

454 234 486 267 9.
511 235 707 276 Perpetuale
730 238 873 270 nancisci
898 238 1089 282 suffragium,

427 454 483 489 10.

424 673 479 707 11.

422 895 478 928 12.

512 282 702 316 Sanctorum
727 285 840 318 choros
865 284 1043 327 flagitamus
1068 286 1198 319 nimium

511 330 613 363 Nobis
639 332 679 364 ab
703 333 771 376 illo,
798 334 852 374 qui
877 334 1022 367 condidit
1046 334 1159 373 omnia,

510 378 647 412 Manens
671 380 789 421 ubique
814 382 897 423 regit
921 384 1035 414 cuncta
1057 382 1194 417 saecula.

1199 312 1209 331 7

510 455 626 488 Omnes
653 457 767 489 devote
791 458 974 491 studeamus
996 459 1134 491 Domino

509 503 595 536 odas
621 513 679 544 pro
704 508 793 537 tanto
818 504 905 538 ferre
929 505 1092 550 beneficio,

510 550 601 590 Quod
626 561 683 584 nos
709 553 751 584 ad
775 562 866 585 suam
891 554 1011 586 creavit
1034 553 1203 595 imaginem

505 598 614 638 Atque
638 600 779 632 ostendit
801 601 894 633 nobis
919 611 1009 633 suum
1037 602 1190 635 ordinem.

504 674 577 714 Eja,
600 675 742 714 jucunde
766 675 884 709 fratres
909 677 1100 710 benedicere

504 722 559 753 Illi
583 731 742 754 sumamus
767 728 863 764 atque
886 725 971 756 laete
996 726 1145 767 psallere,

505 769 552 803 Ut
575 778 755 802 mereamur
779 780 836 803 suo
861 775 971 804 sancto
996 780 1127 804 munere

503 817 589 849 Fore
612 818 728 857 repleti
753 819 839 850 omni
863 820 991 860 quidem
1015 822 1169 860 tempore.

506 892 617 927 Gloria
642 895 739 936 patri,
764 896 865 929 virtus
889 896 1046 928 invisibili

504 941 648 982 Ejusque
674 945 750 975 nato
776 952 814 976 ac
838 947 947 976 sancto
973 944 1110 985 spiritui,

503 989 554 1022 Sit
578 991 757 1030 coaequalis
782 993 878 1031 atque
898 992 1068 1024 individua

505 1037 606 1069 Simul
632 1039 794 1078 regnando
819 1048 879 1078 per
903 1042 1034 1071 aeterna
1057 1037 1194 1071 saecula.

254 1121 384 1156 Legend.
405 1130 458 1149 ms.
481 1121 510 1149 S.
532 1121 668 1157 Gregorii
689 1123 721 1149 in
741 1122 823 1151 Urbe
843 1131 920 1150 saec.
942 1120 986 1150 11.
1022 1122 1091 1150 Cod.
1111 1122 1246 1148 X'atican.
1269 1118 1350 1147 1274.

177 1160 318 1203 trinitati-3
349 1161 423 1187 zwei
443 1159 547 1187 Silben
571 1159 683 1194 fehlen,
712 1162 790 1188 sicut
809 1162 937 1197 erganzt.
958 1176 996 1180 —
1016 1160 1049 1194 7,
1076 1158 1096 1188 4
1114 1159 1222 1188 Jubete
1241 1159 1337 1186 celeri.
1359 1173 1397 1177 —

175 1203 329 1225 nanciscit.

611 1328 673 1360 126.
705 1328 749 1361 De
771 1329 915 1361 Omnibus
935 1329 1067 1361 Sanctis.

175 1408 206 1442 1.
233 1408 385 1440 Trinitati
411 1408 596 1450 altissimae,

233 1455 335 1488 Matri
361 1455 479 1488 Christi
504 1457 733 1497 sanctissimae,

234 1503 346 1536 Choris
372 1506 554 1536 sanctorum
579 1502 741 1536 flaminum

233 1551 278 1583 Et
301 1552 532 1592 prophetarum
558 1552 707 1593 omnium,

175 1629 208 1661 2.
233 1628 399 1667 Apostolis
424 1628 635 1671 principibus,

233 1675 301 1707 Piis
327 1675 445 1708 Christi
469 1676 673 1716 martyribus,

233 1723 431 1766 Virginibus,
460 1724 644 1755 doctoribus

231 1770 399 1811 Almisque
424 1770 669 1812 confessoribus,

176 1848 207 1880 3.
236 1846 428 1879 Solemnitas
453 1847 626 1879 laudabilis

233 1896 283 1927 Ac
309 1896 431 1927 cunctis
458 1895 650 1927 venerabilis

231 1943 357 1975 Sanctis
382 1944 505 1976 devotis
531 1944 690 1976 mentibus

230 1991 325 2023 Nunc
349 1992 528 2024 celebretur
553 1992 709 2025 omnibuS.

194 2093 202 2101 .
229 2068 289 2101 Isti
314 2069 416 2109 patris
442 2068 586 2108 potentia

230 2116 371 2157 Natique
396 2116 565 2158 sapientia,

227 2165 385 2198 Paracliti
410 2165 579 2197 clementia

229 2212 368 2246 Goelesti
393 2212 517 2253 fulgent
540 2214 651 2254 gloria.

196 2315 203 2323 .
230 2290 277 2324 Ut
303 2291 374 2323 lilia
397 2291 445 2323 sic
470 2291 660 2331 germinant,

230 2338 374 2379 Fulgore
398 2347 492 2371 rosae
516 2339 660 2383 rutilant,

231 2387 377 2419 Palmam
403 2386 512 2419 ferunt
537 2387 691 2420 victoriae

232 2434 313 2475 Regi
340 2435 486 2467 coelestis
512 2435 647 2474 patriae.

231 2494 355 2520 Dreves,
379 2494 468 2523 Hymni
481 2493 579 2517 Inediti.
608 2494 640 2517 11.

877 1412 909 1443 6.
935 1409 1090 1451 Deposita
1114 1407 1249 1439 tristitia

935 1459 1101 1491 Sumamus
1127 1464 1219 1487 sacra
1244 1454 1370 1496 gaudia,

936 1506 983 1539 Ut
1008 1505 1172 1537 beatorum
1194 1512 1319 1543 agmma

934 1553 1039 1594 Digne
1065 1553 1204 1584 colamus
1228 1550 1352 1582 merita..

902 1655 910 1663 .
936 1631 1094 1671 Rogemus
1118 1626 1201 1659 flexo
1226 1626 1349 1667 poplite

936 1678 1028 1711 Cives
1055 1676 1200 1709 coelestis
1227 1675 1343 1714 curiae,

935 1726 981 1759 Ut
1003 1725 1109 1757 laudis
1135 1732 1203 1754 cum
1230 1723 1381 1754 libamine

934 1774 1054 1813 Regem
1080 1773 1212 1804 exorent
1238 1770 1369 1810 gloriae.

901 1876 906 1883 .
934 1850 981 1882 Ut
1005 1847 1160 1889 quidquid
1185 1846 1373 1886 impotentia

936 1898 1118 1935 Peccamus,
1143 1895 1324 1935 ignorantia

934 1946 994 1978 Vel
1019 1953 1077 1985 per
1103 1943 1209 1975 cordis
1237 1942 1396 1982 duritiam,

934 1994 1105 2033 Indulgeat
1127 1999 1187 2031 per
1211 1990 1358 2031 gratiam.

901 2097 907 2104 .
935 2072 982 2105 Ut
1006 2069 1200 2110 sempiterno
1225 2067 1344 2098 lumine

935 2119 1033 2152 Vultu
1060 2116 1188 2150 divinae
1213 2114 1333 2156 gloriae

936 2167 1090 2201 Coelestis
1115 2163 1224 2204 sponsi
1248 2163 1369 2203 nuptiis

934 2216 1094 2248 Fruamur
1119 2214 1214 2252 atque
1238 2210 1373 2251 gaudiis.

868 2295 921 2327 10.
938 2293 986 2326 Sit
1011 2293 1081 2324 laus
1107 2289 1193 2332 patri
1220 2297 1289 2320 cum
1315 2287 1381 2321 filio

937 2341 1053 2374 Sancto
1078 2339 1173 2372 simul
1197 2336 1365 2381 paraclito,

937 2388 1102 2429 Nobisque
1126 2388 1233 2419 mittat
1257 2383 1342 2417 filius

1401 1135 1407 1139 .
1432 1119 1457 1155 1,

1421 1156 1450 1193 97

938 2436 1104 2470 Charisma
1128 2436 1231 2468 sancti
1256 2433 1399 2472 spiritus.

1308 2491 1326 2521 6

1475 1118 1495 1148 4

1479 1156 1493 1185 1
