1653 2637
701 105 959 142 *233-

171 203 203 235 3.
230 203 327 236 Jussa
349 212 504 245 spernens
531 204 657 246 Olybrii

232 250 411 291 Complevit
436 261 562 285 cursum
586 253 714 293 proelii,

231 298 374 331 Palmam
399 301 536 341 sumpsit
559 301 706 341 martyrii

229 345 322 379 Dono
349 349 496 380 coelestis
520 349 666 388 praemii.

170 414 203 446 4.
229 412 330 445 Laeta
355 417 467 447 nostra
491 416 531 447 sit
559 416 678 458 concio,

231 460 365 494 Sincera
389 463 433 494 sit
458 463 596 506 devotio,

232 508 282 542 Sit
306 510 480 550 gratiarum
504 512 588 543 actio

231 556 294 589 Pro
324 559 414 589 tanto
440 558 627 597 patrocinio

860 206 892 240 5.
916 205 1030 238 Dulcis
1054 214 1139 238 1111110
1162 205 1289 246 hymnis
1325 205 1498 245 concrepat

921 253 1097 286 Goelestem
1114 262 1266 294 sponsum
1287 261 1492 295 persequenS,

920 301 1007 340 Quae
1032 304 1064 332 et
1085 304 1230 334 materne
1254 310 1314 334 nos
1340 303 1432 340 regat

919 350 1036 382 Pacem
1061 352 1093 381 et
1117 349 1215 381 vitam
1243 348 1422 381 conferens.

861 416 891 448 6.
917 415 1030 448 Honor
1055 416 1140 455 patri
1164 417 1358 459 perenniter,

919 463 970 496 Sit
992 467 1067 495 nato
1092 464 1195 496 virtus
1219 463 1352 504 pariter,

918 511 1086 543 Pneumati
1112 511 1208 543 decus
1230 512 1359 551 Jugiter,

920 558 986 591 Uni
1010 559 1080 590 Deo
1105 559 1148 590 sit
1171 559 1241 591 laus
1266 567 1403 599 semper.

247 642 334 669 Brev.
354 651 408 670 ms.
430 642 459 669 S.
480 643 642 670 Alexandri
661 643 819 671 Embecen.
841 650 917 671 saec.
940 641 986 670 15.
1029 642 1099 672 Cod.
1119 643 1276 680 Goffingen.
1296 641 1361 672 238.

590 782 655 813 412,
684 783 729 813 De
749 783 861 814 sancta
880 784 1076 822 margareta.

173 861 203 893 1.
232 859 380 893 Gaudeat
402 871 487 894 nunc
512 863 647 894 ecclesia

231 907 282 940 De
307 909 425 950 insigni
449 910 596 952 victoria,

233 955 324 995 Quod
350 955 475 996 fragilis
498 957 614 989 militia

233 1004 386 1043 Adauget
409 1005 566 1037 natalitia.

174 1071 206 1102 2.
231 1072 377 1109 Accepta
400 1074 512 1102 nostra
535 1079 677 1111 munera,

232 1117 283 1149 Ne
302 1116 490 1150 fluctuemus
517 1126 662 1159 vespera,

233 1164 296 1197 Per
321 1168 354 1197 te
378 1166 513 1197 vitemus
539 1174 663 1208 aspera,

232 1212 284 1244 Da
309 1213 390 1245 coeli
413 1213 500 1245 vitae
524 1221 691 1254 prospera.

174 1280 205 1312 3.
233 1278 313 1319 Regi
337 1288 454 1320 sponso
479 1280 625 1311 laureata

234 1326 340 1359 Servit
369 1328 458 1366 virgo
485 1327 641 1359 adornata

233 1375 311 1408 Cum
336 1374 460 1414 triplici
484 1375 624 1414 aureola,

231 1421 327 1460 Rosa,
353 1423 465 1464 lilium,
494 1422 587 1454 viola.

866 865 897 896 4.
923 862 1069 894 Extensa
1091 863 1124 894 111
1151 863 1294 905 equuleo,

925 910 1045 942 Cruore
1076 911 1144 942 lota
1168 919 1259 942 roseo

922 957 1062 997 Lampas
1090 958 1184 989 ardet
1209 966 1278 989 cum
1304 959 1389 990 oleo:

922 1005 1042 1037 Amore
1066 1005 1113 1036 tui
1137 1005 1281 1045 langueo„

890 1098 897 1105 .
922 1072 984 1103 Tui
1009 1071 1118 1110 agonis
1144 1071 1283 1103 stadium

922 1118 969 1149 Te
991 1119 1209 1159 praestolante
1233 1119 1374 1158 gladium

923 1165 1155 1198 consummasti
1183 1166 1322 1198 viriliter

923 1212 1099 1253 ConJ'uncta
1122 1222 1239 1253 sponso
1261 1214 1391 1255 jugiter,

887 1304 894 1310 .
920 1280 1021 1311 Astra
1044 1279 1190 1311 ascendit
1214 1280 1344 1319 gloriae,

922 1326 971 1358 Sit
995 1326 1132 1359 trinitati
1157 1328 1272 1358 unicae

923 1374 1018 1412 Laus,
1046 1374 1148 1406 honor
1174 1379 1205 1406 et
1228 1375 1364 1407 victoria

919 1422 957 1453 In
981 1424 1112 1453 aeterna
1136 1422 1296 1455 memoria.

248 1508 333 1536 Brev.
362 1515 415 1534 ms.
436 1507 644 1543 Augustinian.
671 1515 747 1534 ¹saec.
769 1504 843 1534 Ulm-
880 1506 950 1534 Cod.
972 1506 1162 1534 IIanoveran.
1189 1507 1204 1534 1
1229 1504 1274 1533 90.
1295 1523 1331 1526 -
1352 1505 1384 1541 2,
1410 1506 1428 1535 2
1447 1508 1493 1536 Ne

169 1546 345 1573 fluctuamus
366 1547 398 1572 in
417 1553 550 1581 vespera.

590 1675 653 1707 413.
685 1676 729 1707 De
751 1675 861 1708 saneta
880 1675 1074 1715 Margareta.

170 1758 201 1791 1.
228 1757 275 1791 Ut
299 1757 393 1797 spina
416 1764 523 1788 rosam
545 1756 694 1796 parturit,

229 1805 284 1837 Sic
302 1804 494 1843 ‘Margareta
516 1803 640 1843 prodiit

228 1852 281 1884 Ex
306 1851 418 1892 gentili
442 1852 604 1891 prosapia,

227 1900 322 1932 Hanc
348 1900 523 1939 desponsat
548 1899 692 1931 ecclesia.

168 1970 199 2002 2.
225 1968 263 2001 In
289 1967 381 1999 annis
406 1966 565 2006 pueritiae

225 2015 362 2048 Fontem
387 2014 530 2054 suscepit
553 2013 687 2055 gratiae,

225 2063 385 2096 Adhaesit
409 2063 478 2104 regi
503 2062 634 2103 gloriae,

227 2112 306 2145 Cum
332 2120 393 2152 quo
420 2114 533 2151 regnat
558 2110 592 2142 in
617 2110 757 2142 aethere.

165 2182 196 2213 3.
222 2179 314 2212 Haec
337 2178 560 2211 blandimenta
585 2177 703 2209 saeculi

223 2227 450 2267 Promissaque
475 2226 611 2266 Olybrii,

223 2275 378 2307 Terrores
406 2273 556 2306 draconis
583 2273 644 2306 diri

225 2322 355 2363 sprevit
379 2324 416 2353 ut
441 2331 592 2363 vaporem
619 2320 709 2354 fumi.

860 1757 891 1788 4.
918 1754 1003 1786 Dum
1027 1755 1181 1796 mergitur
1204 1756 1239 1787 in
1266 1756 1350 1788 dolio

918 1802 1089 1842 Tripudiat
1113 1803 1148 1834 in
1172 1803 1287 1843 animo,

919 1850 1137 1882 Sententiatur
1161 1851 1278 1891 gladio,

918 1897 1023 1930 Deum
1047 1901 1119 1930 orat
1142 1907 1201 1938 pro
1227 1899 1356 1938 populo.

884 1991 891 1997 .
919 1963 1062 1997 Gloriam
1087 1965 1223 1997 melodis
1249 1965 1327 1997 Jesu

917 2012 1038 2045 Demus
1065 2022 1135 2045 cum
1161 2013 1267 2045 cordis
1293 2013 1417 2058 affectu,

919 2060 965 2093 Ut
988 2070 1046 2093 nos
1068 2062 1103 2093 in
1128 2061 1196 2101 ejus
1223 2064 1378 2094 concentu

917 2109 1036 2141 Pascat
1060 2109 1216 2141 aeternali
1240 2108 1358 2143 fructu.

884 2202 890 2209 .
918 2177 1025 2214 Pater,
1051 2181 1136 2218 nate,
1161 2175 1279 2209 flamen
1304 2180 1459 2215 sanctum,

917 2224 1061 2266 Praesta,
1087 2224 1252 2257 laudanda
1274 2225 1413 2268 trinitas,

916 2272 1017 2304 Nobis
1044 2273 1204 2305 coelorum
1227 2273 1344 2313 gaudia

917 2320 981 2352 Per
1004 2319 1131 2352 infinita
1154 2321 1293 2354 saecula.

241 2409 327 2436 Brev.
348 2416 402 2434 ms.
421 2406 574 2434 Misnense
597 2414 673 2434 saec.
696 2403 741 2433 15.
782 2404 854 2433 Coti.
872 2404 1030 2433 Eistetten.
1052 2403 1088 2433 80
1107 2403 1155 2433 72.
