1653 2637
685 115 942 152 —284—

232 214 318 241 BreV.
343 221 396 241 ms.
416 213 527 241 Montis
548 211 577 240 S.
598 212 713 240 Mariae
731 210 767 247 (5³)
792 220 867 239 saec.
888 209 962 239 ¹³lu.
1004 210 1072 238 Cod.
1093 210 1351 246 Guelfenbyteran.
1372 209 1469 238 Helm.

159 248 224 280 532.
248 252 281 279 A.
307 266 344 270 —
369 251 454 278 Brev.
479 260 531 278 ms.
561 251 671 278 Montis
697 249 726 277 S.
751 250 864 277 Mariae
891 250 961 276 anni
989 247 1070 277 1340.
1119 248 1187 276 Οοᾶ.
1215 248 1469 283 Guelfenbyteran.

157 289 254 317 Helm.
280 287 344 317 506.
370 289 404 316 Β.
433 303 470 308 -—
496 289 605 322 Hymn.
631 297 684 316 ms.
715 289 825 316 Montis
852 286 881 315 S.
906 287 1022 314 Mariae
1047 295 1122 315 saec.
1150 285 1193 314 14.
1234 286 1304 314 Ood.
1333 286 1469 314 Guelfen-

157 328 290 362 byteran.
310 326 408 355 Helm.
430 324 512 355 1340.
535 326 567 353 C.
587 339 623 345 -α
644 327 689 354 Ist
706 326 826 354 Divisio
847 326 898 353 des
918 324 1176 362 vorhergehenelen
1200 325 1342 360 Hymnus.

611 465 680 496 504.
711 464 755 496 De
775 465 885 496 saneta
904 464 1027 496 Ursule.

160 547 192 580 1.
216 547 330 587 Avete,
352 543 446 577 flores
471 544 638 585 virginum,
841 547 872 578 3.
900 544 1007 583 Virgo,
1033 546 1137 576 mater
1162 546 1194 574 et
1217 542 1295 585 filia,

219 592 418 632 Virginitatis
443 592 615 634 speculum⁷
899 591 992 623 Nova
1015 591 1161 631 plantata
1184 591 1254 622 lilia

219 640 324 672 Oretis
346 639 408 672 Dei
432 639 543 678 filium,
902 638 979 671 Cum
1006 637 1072 670 filio
1098 641 1135 670 tu
1159 638 1274 678 collige

218 687 268 719 Ne
294 696 351 718 nos
379 687 506 719 damnet
531 685 685 719 exsilium.
900 686 1036 718 Hortum
1062 686 1218 717 intrantes
1243 684 1348 718 hodie.

161 755 191 787 2.
220 753 357 785 Gonsere
380 762 437 784 nos
462 751 647 792 virginibuS,
844 754 876 787 4,
903 753 967 784 Vos
992 760 1076 783 nunc
1101 750 1231 784 effectae
1256 751 1393 783 caelibes

221 800 307 839 Quae
330 809 392 832 nou
413 800 542 840 pulsant
559 807 636 838 prae
652 797 782 843 foribus,
799 830 808 835 ,
903 798 980 831 Cum
1010 799 1121 838 regina
1144 799 1308 831 unanimes

220 847 284 879 Sed
308 856 379 878 cum
404 855 520 887 sponso
545 847 578 877 in
602 847 722 886 nuptiis
902 846 976 877 Illic
999 854 1057 877 nos
1080 854 1212 885 precum
1237 845 1359 886 glutine

220 894 314 926 Miris
339 895 501 926 exsultant
523 893 658 934 gaudiis.
904 893 1028 925 Exacta
1053 893 1121 924 vita
1144 892 1243 933 figite.

547 960 578 992 5.
605 959 690 991 Laus
715 958 856 990 trinitati
880 957 1006 998 gemina

604 1004 649 1037 Et
671 1005 788 1037 unitati
812 1006 925 1045 gloria,

606 1051 694 1085 Coeli
719 1053 880 1084 exsultent
903 1052 1039 1093 agmina,

606 1100 725 1138 Quibus
753 1101 868 1132 dantur
892 1103 941 1132 tot
964 1100 1062 1134 milia.

238 1185 322 1212 BreV.
344 1191 400 1211 ms.
420 1185 530 1212 Mentis
552 1183 579 1210 S.
600 1183 714 1211 Mariae
733 1182 768 1218 (2²)
789 1191 865 1211 saec.
887 1181 964 1211 ¹³l14.
1007 1183 1077 1211 Cod.
1098 1184 1354 1219 Guelfenbyteran.
1377 1183 1476 1211 Helm.

161 1220 226 1249 495.
253 1223 288 1250 A.
312 1237 352 1241 —
376 1221 461 1249 Brev.
488 1230 542 1248 ms.
566 1221 677 1249 Montis
703 1220 733 1248 S.
761 1221 875 1249 Man'ae
902 1222 973 1249 anni
996 1219 1078 1249 1340.
1121 1221 1190 1250 Cod.
1219 1222 1475 1257 Guelfenbyteran.

162 1260 259 1287 Helm.
287 1258 351 1287 506.
378 1260 411 1287 B.
438 1274 476 1279 -
499 1260 607 1295 Hymn.
634 1267 686 1286 ms,
710 1259 822 1286 Montis
849 1259 878 1287 S.
905 1260 1019 1287 Mariae
1046 1268 1121 1288 saec.
1152 1259 1196 1288 14.
1242 1260 1311 1288 Cod.
1340 1260 1476 1289 Guelfen·

159 1299 292 1333 byteran‚
312 1298 411 1325 Helm.
442 1295 523 1325 1340.
545 1297 575 1324 C.
597 1311 635 1316 —-
656 1296 688 1330 1,
713 1295 733 1324 4
753 1297 870 1325 demnet
888 1297 948 1324 AB.
970 1311 1008 1316 —
1028 1296 1062 1331 2,
1088 1296 1106 1325 2
1126 1298 1248 1334 pulsant
1268 1298 1342 1327 fehlt
1361 1300 1400 1328 A,
1422 1306 1476 1325 nos

161 1336 281 1371 pulsant
298 1345 351 1371 pro
371 1336 404 1363 B.
426 1351 464 1355 -
484 1334 510 1370 5,
537 1332 556 1362 2
575 1335 612 1362 In
631 1337 746 1363 unitate
764 1336 799 1363 B.

617 1463 686 1495 505.
716 1463 760 1495 De
779 1466 888 1496 sancta
908 1465 1032 1497 Ursula.

705 1540 754 1569 Ad
773 1539 932 1578 Vesperas.

393 1620 423 1651 1.
450 1618 537 1658 Jesu,
564 1619 688 1658 piarum
716 1619 779 1650 dux
802 1619 961 1660 decusque
986 1620 1152 1661 virginum,

451 1665 510 1699 Oui
535 1667 731 1698 continentes
758 1667 957 1706 complacent
982 1670 1014 1698 et
1039 1668 1211 1712 simplices,

451 1713 580 1746 Intuere
604 1716 740 1753 vot-aque
763 1717 874 1746 nostra
898 1715 1034 1754 suscipe,

452 1761 539 1800 Quae
562 1760 711 1801 virginali
737 1761 926 1794 dedicantur
950 1762 1078 1802 agmini.

395 1828 428 1859 2.
453 1827 545 1860 Haec
568 1826 651 1859 festa
674 1828 798 1867 magnis
822 1829 1006 1869 angelorum
1030 1830 1155 1870 gaudiis

455 1874 607 1907 Coluntur
632 1875 699 1906 alta
723 1875 781 1906 sub
805 1877 862 1907 tua
885 1878 1079 1916 praesentia,

453 1921 536 1954 Nam
558 1921 731 1961 jubilantes
756 1925 789 1954 te
813 1927 987 1963 sequuntur
1011 1925 1160 1968 virgines,

453 1969 536 2008 Quas
561 1969 602 2000 ad
627 1972 774 2009 sugentes
799 1970 955 2003 addidisti
978 1975 1147 2011 martyres,

396 2036 427 2068 3.
453 2034 591 2067 Undena
614 2034 705 2066 nobis
731 2034 888 2075 virginum
913 2036 993 2069 haec
1015 2038 1104 2069 milia

452 2081 583 2114 Misisse
606 2080 674 2113 feta
700 2082 816 2114 dicitur
837 2083 1016 2127 Britannia,

453 2130 536 2168 Quas
561 2129 614 2160 hic
637 2127 773 2161 furentis
797 2130 847 2161 ira
870 2133 989 2172 pressit
1009 2132 1138 2174 judicis,

455 2175 620 2215 Nobisque
644 2185 735 2209 sacra
759 2177 807 2208 sic
829 2178 1012 2218 relinquunt
1038 2188 1182 2220 corpora.

396 2245 429 2277 4.
453 2243 477 2275 O
501 2242 689 2282 gaudiorum
713 2242 852 2282 dignitas
875 2243 1069 2286 sublimium,

458 2289 526 2328 Qua
552 2292 627 2321 sunt
651 2292 781 2331 recepta
806 2292 937 2323 coelitus
962 2295 1011 2324 tot
1034 2292 1132 2334 milia,

457 2337 572 2370 Servat
594 2338 729 2377 perenni
750 2339 941 2378 margaritas
962 2340 1068 2380 judici

459 2384 655 2419 coloniensis
679 2387 766 2417 terra
789 2385 885 2426 plena
908 2387 1045 2427 gaudiis.
