1653 2637
645 150 881 187 -55-.

121 248 153 281 7.
179 246 234 279 mi
259 246 391 280 nimium
416 247 582 289 timebunt,
817 249 849 283 9.
865 248 956 280 Tunc
980 246 1112 279 sedente
1140 248 1219 280 Jesu
1243 246 1370 279 Christo

178 294 239 334 Qui
263 295 413 335 gaudium
436 296 625 329 obtinebunt
863 295 900 327 In
927 295 1126 327 aeternitatis
1150 295 1265 327 throno

179 342 302 382 Quique
325 352 456 383 regnum
481 344 701 385 possidebunt,
864 344 1025 375 Adstante
1042 343 1137 375 choro
1163 345 1346 374 sanctorum

179 390 263 422 Prae
288 389 412 430 fulgore
436 392 542 423 vuitus
568 392 628 431 sui,
864 390 1036 423 Hominum
1060 392 1092 421 et
1116 390 1310 430 angelorum,

180 438 303 477 Quanto
330 439 466 478 amplius
492 438 603 478 iniqui,
867 438 1011 471 Omnium
1035 438 1274 480 Apostolorum,

181 485 389 517 Peccatorum
413 486 509 518 sorde
532 486 646 526 pleni?
866 486 1046 525 Martyrum
1072 488 1104 517 et
1129 483 1353 527 confessorum,

123 553 157 585 8.
182 551 233 584 Ibi
257 552 363 592 angeli
385 552 551 591 timebunt,
798 554 852 587 10.
866 552 955 584 Tunc
963 551 1118 584 videbunt
1127 560 1234 584 omnes
1247 550 1418 590 Christum,

181 599 376 639 Archangeli
402 598 630 641 formidabunt,
867 600 929 632 Pro
954 599 1133 631 hominibus
1160 597 1353 639 crucifixum,

180 646 303 679 Throni
327 649 423 687 atque
446 646 658 687 principatus,
868 646 950 685 Quid
975 647 1111 678 aderunt
1135 647 1210 678 tuno
1236 645 1361 686 dicturi,

182 694 362 726 Potestates
388 698 420 726 et
444 694 588 733 virtutes,
867 693 926 732 Qui
951 703 987 726 se
1010 694 1122 726 nolunt
1147 692 1340 726 emendare?

183 740 354 773 Cherubim
378 744 473 781 atque
499 740 676 782 Seraphim,
865 740 911 773 Et
935 740 1090 773 videbunt
1113 741 1224 781 plagas
1251 740 1330 773 ferri

180 788 281 820 Simul
308 788 550 821 dominat-iones.
865 789 904 822 In
931 797 1066 827 corpore
1089 789 1168 821 Jesu
1194 788 1321 822 Christi.

466 856 520 890 11.
547 856 621 890 Jam
647 855 731 896 quod
757 856 866 888 oculus
891 865 954 888 non
980 855 1071 897 vidit,

548 902 617 935 Neo
638 912 776 943 unquam
801 903 887 935 auris
913 902 1043 946 audivit,

550 950 619 982 Nec
643 951 675 982 in
703 959 757 982 eor
781 950 917 983 hominis
943 950 1097 990 ascendit,

549 997 673 1036 Quanta
695 998 782 1030 Deus
807 997 1023 1037 praeparavit,

550 1044 676 1077 Sanctis
700 1045 777 1086 suis,
802 1054 881 1085 quos
906 1045 1020 1077 dilexit

551 1092 596 1125 Et
621 1093 661 1124 de
684 1093 745 1125 hoe
770 1093 887 1125 mundo
913 1091 1017 1132 eiegit.

188 1157 259 1186 Cori.
279 1158 448 1187 Bruxellen.
475 1155 636 1185 8860—67.
665 1166 741 1185 saec.
768 1156 812 1186 10.
831 1159 873 1185 in.
893 1173 931 1177 —
950 1155 982 1193 1,
1005 1155 1021 1184 1
1041 1159 1111 1184 sunt
1128 1157 1280 1192 redempti.
1299 1171 1338 1176 ——
1359 1154 1384 1190 ἢ,
1406 1155 1424 1184 2

110 1197 285 1233 Fuigorans.
305 1211 344 1216 —-
363 1193 389 1231 3,
411 1193 429 1223 3
450 1196 543 1223 Lucet
561 1196 670 1224 vultus.
692 1210 729 1215 —-
744 1194 769 1230 6,
790 1193 808 1224 3
829 1197 912 1223 tanta
931 1196 1091 1231 maJestate.
1107 1193 1181 1229 —8,
1203 1193 1221 1222 2
1240 1195 1281 1222 Et
1301 1195 1422 1222 archan-

110 1235 178 1272 geli.
200 1250 237 1254 —
258 1232 284 1269 9,
306 1232 324 1262 3
344 1233 489 1262 Adstante
509 1234 638 1262 chorum.
660 1248 697 1253 -—
715 1232 758 1267 10,
781 1231 798 1261 3
820 1233 896 1267 Quid
917 1233 1049 1261 aderunt.
1063 1248 1100 1252 —
1114 1234 1185 1261 Dies
1205 1232 1280 1262 Lied
1299 1235 1340 1260 ist
1358 1242 1424 1260 zum

110 1274 194 1301 Teile
214 1274 269 1300 mit
288 1272 353 1300 dem
373 1271 633 1309 vorhergehenden
653 1273 701 1300 ein
720 1273 780 1299 unci
795 1272 937 1300 dasselbe.
970 1272 1029 1299 Die
1041 1270 1242 1307 Abweichung
1256 1271 1307 1298 der
1317 1271 1425 1298 beiden

109 1312 262 1376 Textebist.
281 1311 352 1338 aher
372 1312 437 1338 eine
457 1318 489 1338 so
510 1309 720 1347 weitgehende,
743 1310 810 1338 dass
834 1318 864 1337 es
882 1309 1021 1338 riitlichcu·
1041 1308 1182 1343 erschien,
1200 1309 1286 1345 jedcn
1300 1309 1346 1336 fiir
1363 1309 1427 1336 sich

111 1358 147 1377 zu
166 1357 203 1385 ge
225 1357 270 1376 en.

565 1449 606 1481 81.
635 1450 678 1482 De
699 1449 963 1482 Beatitudinibus.

403 1531 435 1565 1.
459 1530 579 1564 Beatus
603 1531 708 1571 homo,
733 1531 789 1570 qui
811 1539 934 1571 pauper
959 1533 1009 1562 est,
1032 1529 1159 1570 spiritu,

459 1579 613 1618 Quoniam
636 1578 688 1611 ini
711 1586 844 1619 regnum
869 1579 949 1611 coeli
973 1577 1112 1619 dabitur,

570 1626 688 1659 Beatus
713 1627 817 1659 homo,

404 1694 436 1726 2.
460 1693 524 1726 Est
546 1693 747 1732 maledictus,
774 1693 829 1733 qui
853 1693 933 1725 cibis
959 1695 1009 1725 est
1033 1693 1162 1725 deditus

462 1742 570 1781 Atque
592 1741 734 1772 intentus
755 1740 848 1780 gulae
872 1740 1102 1782 voluptatibus,

571 1788 632 1820 Est
656 1788 855 1821 maledictus.

406 1857 438 1890 3.
462 1855 582 1888 Beatus
606 1855 709 1898 homo,
738 1855 791 1894 qui
815 1863 941 1895 semper
966 1858 1015 1886 est
1038 1854 1177 1896 humilis,

465 1903 617 1943 Quoniam
640 1905 761 1934 terram
785 1903 918 1935 habebit
941 1906 1139 1944 perpetuam,

571 1950 689 1984 Beatus
712 1951 816 1983 homo.

407 2019 441 2053 4.
466 2018 527 2052 Est
551 2017 752 2056 maledictus,
779 2017 833 2058 qui
858 2017 963 2049 earnis
987 2016 1154 2049 libidinem

462 2066 604 2100 Exercet
626 2065 737 2098 vivens
763 2064 946 2106 frequenter
969 2064 1004 2097 in
1027 2073 1136 2107 opere,

572 2114 633 2147 Est
657 2113 857 2148 maledictus.

405 2184 437 2217 5.
463 2182 583 2216 Beatus
607 2181 712 2223 homo,
740 2181 794 2221 qui
815 2180 904 2221 luget
926 2180 961 2212 in
985 2179 1132 2222 Domino,

463 2231 545 2270 Quia
569 2230 609 2263 de
634 2229 731 2261 coelis
755 2229 827 2269 ipse
851 2227 1078 2267 consolabitur,

572 2277 692 2311 Beatus
716 2277 821 2310 homo.

408 2349 439 2381 6.
465 2346 528 2380 Est
552 2345 754 2386 maledicum,
780 2344 903 2376 habens
928 2344 1107 2384 avaritiam,

463 2395 509 2428 Et
532 2394 591 2428 sub
618 2403 679 2435 quo
703 2396 812 2425 manet
834 2391 949 2425 infelix
970 2391 1141 2433 cupiditas,

573 2443 637 2477 Est
659 2440 860 2477 maledictus,
