1653 2637
678 113 937 149 —250—-

539 214 570 246 5.
597 212 761 246 indivisae
785 211 921 244 trinitati

645 261 778 301 Semper
803 259 870 291 laus
898 262 930 290 et
953 258 1067 303 gloria,

598 307 693 348 Cujus
715 316 772 339 nos
798 306 986 346 benignitati

646 354 853 388 Commendet
878 354 995 394 Odssia,

598 403 658 435 Cui
682 404 757 442 post
778 405 913 434 mortem
938 401 1051 434 sociati

648 450 818 483 Laetemur
842 457 901 489 per
925 449 1060 481 saecula.

228 535 320 564 Psalt.
346 544 399 562 ms.
428 534 457 562 S.
485 535 638 562 Laurentii
665 533 836 571 Sangallen,
864 541 939 561 saec.
965 531 1010 560 15.
1054 532 1125 560 Cocl.
1153 531 1321 568 Sangallen.
1351 529 1394 558 16.
1427 545 1464 549 —-

154 573 183 607 1,
210 571 228 600 2
248 574 341 602 Nobis
363 573 469 601 odilia.
491 588 527 592 —
548 570 580 605 2,
601 570 619 599 2
640 572 751 600 Crescit
770 572 931 608 approbato
954 573 1094 606 tempore.
1115 586 1153 591 --
1181 570 1214 605 4,
1239 569 1252 597 1
1274 570 1468 605 Munitisque3

152 612 208 640 lies
228 609 420 646 Meritisque‘?
442 627 457 631 —
499 609 525 645 4,
548 608 567 636 2
587 611 623 638 <le
638 611 736 646 justis.
757 625 795 629 —
814 608 841 643 4,
863 609 880 637 5
900 609 975 637 Prae
994 612 1144 637 momentu
1163 610 1255 638 intus.

603 750 673 782 442.
704 750 747 781 De
768 751 877 781 sancta
898 749 1029 782 Odrada.

662 827 711 857 Ad
730 827 819 865 Vesp.
841 830 871 856 et
889 826 975 857 Noct-

161 907 190 939 1.
217 907 304 946 Jesu‚
332 915 449 938 corona
473 905 640 946 virginum,
843 908 875 938 4.
901 905 994 937 Hanc
1018 908 1111 944 pater
1138 904 1217 937 dure
1241 914 1394 944 respuens

217 953 269 985 Da
293 953 384 985 nobis
409 962 525 985 manna
551 953 702 985 coelicum
899 952 973 984 Non
999 953 1178 984 dedicatam
1204 952 1362 984 transiens

219 1000 369 1032 odradae
393 1004 522 1032 sanctae
546 1000 680 1043 meritis,
902 1000 956 1032 Ad
978 999 1136 1040 Milligem
1161 999 1330 1032 ecclesiam

218 1047 317 1086 Quam
344 1056 528 1080 veneramur
553 1048 722 1088 supplices,
904 1046 1067 1087 Sumitque
1092 1055 1204 1087 vagam
1229 1046 1373 1079 bestiam.

161 1106 192 1136 2.
218 1105 309 1136 Haec
333 1104 434 1144 stirpe
459 1106 535 1135 nata
559 1104 648 1145 regia
846 1107 875 1137 5.
903 1103 1002 1142 Quam
1028 1107 1122 1143 pater
1147 1112 1279 1136 cernens
1305 1102 1433 1135 fletibus

218 1150 262 1182 Et
285 1159 417 1191 corpore
442 1151 657 1190 pulcherrima
907 1150 1111 1183 Descendens
1138 1160 1217 1190 equo
1243 1151 1375 1191 genibus

220 1198 357 1238 optatur
380 1199 423 1230 ad
448 1198 615 1239 connubia,
903 1198 1027 1230 Exorat
1050 1197 1140 1230 flexis
1165 1197 1275 1238 filiam,

221 1244 351 1285 Spernit
374 1255 482 1288 regum
508 1246 701 1286 prosapiam.
903 1245 970 1277 Dat
990 1246 1093 1277 malae
1118 1245 1232 1285 eulpae
1258 1246 1391 1278 veniam.

162 1303 193 1334 3.
219 1302 326 1334 Matre
351 1302 463 1334 orbata
487 1303 580 1334 unica
847 1304 879 1337 6.
905 1303 1006 1335 Orans
1032 1303 1112 1334 haec
1136 1303 1170 1334 iu
1196 1303 1332 1335 ecclesia

221 1349 338 1381 Suffert
362 1357 517 1381 novercae
542 1349 655 1393 tristia,
904 1350 996 1382 Tunc
1020 1350 1089 1382 sitis
1114 1350 1312 1383 abundantia

223 1396 321 1438 Deus,
347 1397 400 1436 qui
423 1399 530 1435 potest
554 1397 668 1436 omnia,
905 1397 998 1429 Hanc
1023 1399 1118 1440 artat,
1144 1397 1222 1429 foris
1248 1397 1356 1429 exiens

222 1443 321 1475 Dedit
346 1443 466 1476 electae
491 1443 616 1482 gaudia.
906 1444 1009 1477 Fonte
1035 1445 1159 1477 cibatur
1184 1445 1347 1477 hauriens.

553 1500 582 1533 7.
609 1499 660 1532 Da
684 1500 785 1540 nobis,
811 1504 905 1540 pater
930 1501 1058 1541 coelice,

608 1546 686 1580 Cum
710 1546 776 1579 filio
801 1547 943 1588 angelice

608 1594 652 1627 Et
675 1595 792 1635 spiritu
816 1595 972 1635 paraclito

608 1642 717 1674 Potari
741 1641 830 1674 fonte
857 1643 986 1675 coelico.

237 1726 329 1754 Psalt.
350 1735 404 1754 ms.
423 1726 599 1754 Alemnense
620 1734 695 1754 saec.
718 1724 761 1754 15.
797 1726 867 1755 Cod.
890 1726 918 1755 S.
939 1728 1021 1755 Petri
1042 1728 1237 1756 Boscoducen.
1258 1737 1281 1755 s.
1303 1736 1331 1755 n.
1353 1743 1389 1747 —-
1409 1727 1436 1762 4,
1458 1725 1476 1755 3

163 1764 323 1800 mylliglen.
349 1778 373 1783 -
401 1763 427 1799 5,
451 1763 465 1791 1
487 1772 606 1792 cernens
627 1764 759 1801 genibus.
781 1779 819 1784 —
839 1763 865 1798 5,
890 1763 907 1792 2
930 1774 1004 1802 equo
1025 1765 1151 1794 fletibus.

617 1893 688 1924 443.
720 1894 764 1925 De
784 1894 895 1925 sancta
917 1893 1049 1926 ourada.

713 1971 762 2000 Ad
781 1971 909 2002 Laudes.

167 2049 197 2083 1.
225 2049 362 2082 Consors
387 2049 514 2089 paterni
538 2050 675 2090 luminis,
850 2052 882 2083 3.
909 2050 972 2092 Sic,
1005 2051 1140 2092 Christe,
1167 2052 1258 2083 nobis
1284 2050 1429 2083 omnibus

225 2096 347 2135 Sponse
372 2096 521 2128 Odi-adae
546 2097 689 2137 virginis,
909 2097 1059 2130 Odradae
1084 2104 1214 2131 sanctae
1238 2098 1387 2140 precibus

225 2142 352 2175 Laudes
377 2146 526 2175 canentes
550 2144 701 2176 solvimus
909 2144 1080 2185 Indulgens
1105 2145 1320 2184 credentibus,

224 2190 356 2222 Adsiste
380 2191 624 2229 postulantibus
910 2191 956 2223 Ut
978 2192 1083 2230 prosit
1108 2192 1323 2226 exorantibus.

167 2249 197 2281 2.
224 2245 328 2279 Aufer
353 2246 501 2279 Odradae
523 2247 644 2278 meritis
852 2249 883 2281 4.
910 2247 1069 2289 Persaepe
1092 2258 1152 2289 pro
1179 2250 1338 2281 coelicolis

225 2293 372 2333 Peccata,
400 2302 480 2333 quae
504 2302 561 2325 nos
587 2292 729 2334 fecimus,
907 2295 1059 2328 Absolvis
1085 2304 1168 2328 nexu
1192 2297 1333 2329 criminis

225 2341 386 2373 Virtutum
411 2341 453 2373 da
477 2342 698 2381 constantiam,
907 2342 1066 2375 Donando
1091 2344 1333 2388 indulgentiam,

224 2388 314 2421 Finis
338 2397 378 2421 ne
403 2388 503 2420 malus
529 2388 644 2430 capiat.
907 2389 991 2423 Tuos
1016 2399 1057 2423 ne
1081 2400 1174 2425 orcus
1199 2393 1316 2434 rapiat.
