1653 2637
723 134 980 171 2120„—

200 234 232 267 3.
258 234 352 266 Anna
375 236 487 265 sancta
509 233 644 266 oriunda
882 235 913 267 4.
939 232 1035 271 Ecce,
1061 232 1171 264 lucent
1192 231 1362 264 inconfusa

307 281 433 320 Magnis
458 280 622 319 natalitiis,
987 279 1155 311 Trinitatis
1181 288 1288 320 opera,

259 328 345 360 Nata
369 328 485 360 mundo
510 327 704 360 laetabunda
940 325 1058 357 Sancta
1080 327 1176 358 Anna
1202 327 1274 358 dum
1303 326 1451 359 conclusa

306 375 444 415 Spiritus
470 374 592 407 deliciis
986 373 1086 405 Trina
1110 373 1198 413 parit
1223 374 1347 414 copula,

257 422 302 454 Et
324 422 495 454 virtutibus
519 421 657 454 fecunda
939 419 1051 461 Terra,
1077 422 1204 460 pontus,
1230 424 1329 460 astra,
1353 422 1491 453 mundus

307 469 417 502 Carnis
444 478 481 500 ex
506 469 665 509 primitiis.
988 467 1055 506 Qua
1079 467 1220 508 gaudent
1243 477 1301 508 per
1324 469 1462 501 saecula.

559 526 590 556 5.
619 523 729 555 Gloria
755 526 786 554 et
809 524 910 556 honor
934 522 1003 555 Deo

662 571 831 611 Usquequo
856 570 1020 613 altissimo,

618 617 678 656 Qui
703 621 875 658 conregnat
897 619 930 650 in
956 618 1108 657 trophaeo

665 665 755 697 Patri
778 664 1008 705 potentissimo,

618 713 728 752 Agnus
754 715 865 752 morte,
892 721 1024 752 surgens
1049 713 1099 744 leo

664 760 704 791 In
728 759 843 800 spiritu
868 758 1051 791 fortissimo.

273 825 358 852 Brev.
388 833 440 851 ms.
469 823 738 860 Quedlinburgense
765 832 840 851 sace.
864 823 906 851 15.
948 824 1017 851 cod.
1044 824 1290 860 Quedlinburgen.
1320 822 1383 852 132.
1403 825 1439 851 A.
1467 841 1506 845 -—

197 863 280 890 Brev.
308 871 360 890 ms.
382 862 652 897 Quodlinburgense
679 870 753 889 saec.
777 860 819 889 15.
861 862 929 889 Cod.
952 861 1199 898 Quedlinburgen.
1227 861 1289 890 140.
1311 863 1343 890 Β.
1366 877 1403 881 -
1423 860 1455 896 2,
1489 861 1507 891 3

199 900 314 927 Annam
333 900 531 936 praecidemus
552 900 612 927 AB.
634 914 669 918 -
688 898 716 933 4,
736 898 756 927 4
778 902 862 935 paret
880 901 939 927 AB.

667 1001 726 1032 197.
757 1001 800 1031 De
820 1002 930 1032 sancta
950 1001 1048 1032 Anna.

753 1066 800 1095 Ad
820 1067 947 1098 Laudes.

198 1137 229 1168 1.
254 1136 349 1168 Nocti
374 1136 516 1167 succedit
539 1134 662 1176 lucifer,
881 1138 912 1169 3.
938 1138 1042 1174 Anna,
1070 1136 1164 1168 radix
1188 1136 1358 1176 uberrima,

257 1183 354 1222 Quem
379 1192 453 1214 mox
478 1192 593 1215 aurora
615 1183 767 1222 sequitur,
938 1183 1046 1215 Arbor
1068 1187 1105 1215 tu
1128 1182 1304 1227 salutifera,

256 1230 338 1262 Solis
364 1232 465 1261 ortum
490 1230 717 1269 praenuntians
939 1230 1053 1270 Virgas
1078 1231 1258 1270 producens
1281 1230 1435 1271 triplices,

259 1277 413 1309 Mundum
439 1277 604 1308 lustrantis
629 1277 756 1308 lumine.
939 1279 1065 1316 §eptem
1091 1280 1218 1309 onustas
1244 1276 1411 1311 fructibus.

197 1335 228 1366 2.
255 1333 398 1365 Christus
429 1334 477 1364 sol
503 1336 551 1364 est
571 1333 724 1374 justitiae,
879 1337 911 1366 4.
937 1333 1052 1366 Matris
1080 1333 1199 1366 Christi
1223 1336 1258 1365 tu
1283 1335 1430 1375 genitrix,

256 1383 381 1412 Aurora
403 1383 505 1411 mater
527 1380 658 1421 gratiae,
940 1380 1058 1412 Christi
1082 1385 1117 1412 tu
1138 1379 1216 1412 felix
1241 1382 1322 1424 avia,

256 1429 354 1465 Quam
378 1427 485 1458 lucens
511 1428 605 1458 Anna
629 1428 797 1466 praevenis
939 1428 1016 1460 Cum
1040 1431 1114 1460 nato
1140 1436 1273 1468 cumque
1296 1428 1364 1461 filia

254 1474 349 1514 Legis
374 1474 556 1514 propellens
582 1474 738 1506 tenebras.
937 1474 1004 1506 Nos
1029 1475 1146 1514 adjuva
1167 1478 1200 1506 te
1225 1477 1330 1508 tertia.

579 1532 609 1564 5.
637 1530 786 1570 Gignenti
810 1532 878 1563 laus
904 1535 937 1563 et
960 1533 1076 1575 genito,

637 1577 734 1610 Sacro
756 1579 849 1610 simul
873 1579 1043 1619 spiraculo,

636 1624 771 1665 NostriS,
798 1625 895 1666 Deus,
922 1626 1063 1658 reatibus

634 1672 746 1704 Annae
770 1673 899 1712 placare
920 1673 1080 1714 precibus.

267 1736 355 1763 Psalt.
383 1744 435 1763 ms.
455 1736 618 1764 Leodiense
644 1745 720 1764 saec.
744 1735 787 1765 15.
828 1737 896 1765 Cod.
917 1738 1059 1766 Mazarin.
1084 1737 1140 1767 385
1165 1737 1250 1775 (221).
1271 1741 1306 1767 A.
1333 1754 1369 1758 —
1396 1740 1501 1767 Dium.

192 1782 245 1800 ms.
269 1773 461 1801 Gandavense
481 1782 556 1802 saec.
580 1772 623 1801 15.
645 1783 688 1802 ex.
729 1775 797 1803 Cod.
819 1777 960 1804 Mazarin.
982 1774 1038 1804 370
1057 1776 1141 1812 (770).
1165 1777 1229 1804 add.
1251 1786 1326 1806 saec.
1350 1776 1392 1805 16.
1413 1779 1446 1805 B.
1465 1792 1503 1797 —

191 1811 275 1838 Brcv.
300 1811 572 1840 windesheimense
596 1813 665 1848 imp.
693 1813 896 1842 Sehonhoviae
923 1812 1004 1842 1499.
1032 1815 1062 1842 C.
1096 1830 1133 1834 —-
1163 1814 1194 1849 1,
1227 1816 1245 1843 4
1271 1815 1413 1844 Mundum
1443 1816 1503 1844 lus-

191 1851 271 1914 }rffiits
283 1849 402 1914 Llumine
420 1850 455 1877 B.
479 1865 514 1868 —
536 1849 570 1884 2,
601 1849 615 1877 1
638 1854 682 1878 est
702 1852 747 1879 sol
768 1851 798 1879 Ο.
818 1866 858 1870 —
876 1851 903 1887 2,
924 1850 942 1880 3
962 1852 1049 1880 Anna
1069 1854 1170 1881 lucens
1193 1854 1223 1881 O.
1245 1869 1281 1873 ——
1301 1853 1328 1887 4,
1349 1852 1367 1880 2
1391 1853 1502 1882 Christi

203 1895 218 1914 e
300 1902 314 1914 ι.

651 1989 712 2021 198.
743 1990 786 2022 De
807 1992 919 2022 sancta
941 1992 1038 2023 Anna.

194 2057 225 2088 1.
251 2057 330 2096 Ave,
356 2057 448 2088 radix
472 2058 623 2098 laetitiae,
875 2063 905 2094 3.
932 2062 1036 2101 Anna,
1063 2060 1134 2093 fons
1158 2063 1259 2094 mirae
1283 2063 1414 2104 gratiae,

250 2103 365 2135 Mortis
390 2104 503 2136 tollens
529 2105 744 2147 opprobrium,
935 2107 1062 2139 Plenam
1088 2109 1263 2152 propinans
1289 2111 1434 2150 gratiam,

252 2150 346 2189 Cuius
372 2149 493 2182 fruetus
516 2152 667 2184 ecclesiae
931 2155 1070 2187 Matrem
1095 2156 1343 2200 misericordiae,

249 2195 355 2229 Verae
379 2197 435 2229 dat
456 2199 541 2231 vitae
563 2201 749 2238 praemium.
935 2201 1085 2234 Nostram
1109 2203 1233 2243 pellens
1258 2205 1430 2238 miseriam.

190 2254 221 2285 2.
246 2254 291 2297 Et
316 2253 433 2286 celebri
457 2256 581 2288 laetitia
870 2261 901 2293 4.
929 2259 1028 2297 Quam
1053 2260 1175 2300 largam
1202 2262 1388 2300 patrociniis

248 2301 452 2342 congaudeat
477 2303 620 2343 ecclesia,
929 2306 1027 2339 Sacra
1049 2308 1125 2339 colit
1150 2309 1297 2353 eeclesia,

248 2348 379 2381 Festum
401 2349 520 2382 honore
543 2351 692 2391 celebret,
928 2354 975 2388 Ut
998 2355 1065 2394 ejus
1090 2354 1252 2388 beneficiis

247 2397 337 2436 Quod
363 2405 487 2430 causam
515 2399 570 2431 dat
593 2399 743 2431 laetitiae.
929 2401 1058 2434 Crescat
1082 2404 1125 2436 ad
1151 2404 1230 2436 coeli
1255 2405 1383 2445 gaudia.
