1653 2637
703 133 968 170 —17‘7—

180 232 211 265 9.
238 232 310 264 Hoc
334 233 390 263 tua
416 232 458 264 da
485 231 669 264 canentibus
868 233 922 266 10.
937 232 987 265 Sit
1011 234 1096 273 patri
1119 233 1189 265 laus
1213 233 1364 275 ingenito,

238 278 466 312 Canonicorum
493 279 605 322 coetui,
938 281 1112 322 Honorque
1137 284 1211 313 nato
1237 282 1280 313 sit
1305 281 1410 314 laudis

233 327 282 360 Tu
308 335 360 358 eos
386 326 459 359 fove
484 327 633 368 precibus
937 328 1100 370 Simulque
1129 329 1171 360 sit
1196 330 1353 370 paraclito

234 374 384 415 Coelique
410 375 501 408 bonis
526 374 661 416 perfrui.
937 378 975 409 In
997 378 1194 409 saeculorum
1220 378 1366 411 saeculis,

251 460 357 488 Dium.
382 469 435 488 ms.
459 460 488 489 S.
508 461 663 496 Frigdiani
683 462 792 489 Lucen.
819 469 894 489 saec.
921 459 990 489 Ι·”ίι(ς.
1032 462 1102 491 Cod.
1124 461 1153 489 S.
1173 463 1327 498 Frigdiani
1354 472 1376 491 s.
1404 471 1433 489 n.
1459 477 1495 481 —

178 496 205 532 5,
228 496 244 525 1
266 507 309 534 sq.
329 499 512 527 vercor-ben?
533 513 570 518 —-
592 497 617 532 6,
640 498 655 526 1
669 500 847 528 consideras.
868 514 905 518 -—-
927 499 972 534 10,
995 499 1011 528 1
1028 501 1095 528 laus
1107 500 1246 528 Domino.
1266 516 1304 520 —
1325 500 1369 536 10,
1390 498 1408 527 2
1423 501 1498 528 fehlt

177 537 243 564 eine
270 536 367 571 Silbe3
394 545 451 573 que
478 539 606 574 ergiinzt.
634 553 672 557 --
697 538 740 565 Zu
767 539 877 566 diesem
902 539 1038 573 Hymnus
1062 539 1184 576 gehfirte
1209 540 1256 566 ein
1280 538 1496 568 Reimofficium

175 576 231 602 mit
251 575 318 603 dem
336 575 473 611 Ani-'ange
492 576 529 603 ad
548 575 735 612 Magnificat:
790 597 801 609 ,

616 613 708 641 Grata
727 615 824 651 proles
843 616 922 651 regis
942 615 1084 644 Ultoniae

616 651 722 688 Spreta
741 653 842 681 mundi
861 661 968 689 pompa
988 654 1114 681 militiae

615 690 661 718 Ad
682 691 833 719 Romanae
853 691 952 719 lumen
972 692 1115 720 eeclesiae

615 728 717 766 Pergit
735 731 833 758 nitens
852 731 985 765 corporis
1005 731 1112 766 specie.

173 765 218 793 Es
243 765 310 793 sind
330 766 401 793 aber
419 775 480 794 von
500 764 669 795 demselben
687 776 744 795 nur
764 769 866 796 sieben
885 768 1074 804 Antiphonen
1094 768 1272 796 vorhant'len.

611 924 680 956 298.
710 925 754 956 De
775 926 882 957 sancto
906 923 1062 956 Gabriele.

677 1002 726 1032 Ad
745 1003 834 1041 Vesp.
857 1005 887 1031 et
904 1002 991 1032 Noct.

178 1081 209 1113 1.
238 1081 433 1113 Veneremur
460 1081 642 1114 Gabrielem
864 1083 896 1114 4.
923 1082 960 1114 In
985 1082 1126 1122 somniis,
1151 1090 1193 1113 ne
1217 1082 1345 1114 timeret

283 1128 478 1168 vespertino
507 1132 661 1170 tempore,
970 1130 1135 1170 Virginem
1159 1129 1337 1170 traducere,

235 1177 450 1209 Instruentem
475 1177 645 1209 Danielem
921 1177 1042 1217 Joseph
1067 1180 1184 1216 monet,
1210 1181 1247 1209 ut
1270 1179 1405 1219 teneret,

281 1223 436 1256 Reserato
462 1228 603 1264 pectore,
968 1225 1059 1265 Quod
1084 1227 1211 1265 oportet
1236 1226 1367 1257 credere

233 1271 514 1312 Occidendumque
540 1272 667 1304 fidelem
919 1271 988 1304 Deo
1014 1273 1151 1313 plenam,
1179 1281 1272 1312 quam
1297 1273 1424 1304 videret

282 1318 443 1352 Christum
470 1320 549 1352 dicit
572 1329 714 1360 corpore.
968 1320 1046 1351 Mox
1070 1319 1208 1352 Mariam
1233 1329 1358 1359 parere.

173 1398 205 1428 2.
230 1395 405 1428 Zachariae
429 1396 625 1428 ministranti
863 1397 893 1428 5.
922 1395 984 1427 Hic
1009 1395 1114 1428 adfuit
1139 1396 1172 1426 in
1199 1396 1310 1428 dolore

280 1444 363 1476 Suae
389 1444 467 1475 vicis
493 1444 599 1476 studio
967 1444 1044 1477 Jesu
1071 1443 1190 1477 Christi
1215 1443 1354 1486 Domini,

230 1491 295 1523 Hic
320 1494 466 1532 apparet,
495 1492 653 1523 corruenti
920 1490 1098 1531 Sanguineo
1126 1490 1197 1522 dum
1225 1491 1342 1523 sudore

278 1539 362 1572 Prae
387 1539 501 1571 timore
525 1538 633 1579 nimio,
966 1540 1104 1571 Poenam
1131 1539 1245 1577 pandit
1269 1539 1375 1578 animi,

230 1586 304 1619 Non
336 1587 518 1619 credentem
545 1587 755 1619 commonenti
919 1586 1019 1625 Quam
1046 1584 1206 1619 confortat
1232 1595 1301 1618 cum
1328 1587 1459 1619 dulcore

279 1633 378 1666 Verbi
403 1635 512 1675 privat
536 1635 662 1675 gaudio.
968 1635 1036 1667 Deo
1061 1635 1193 1675 loquens
1219 1634 1348 1666 homini.

170 1713 200 1745 3.
226 1709 346 1743 Salutis
374 1711 587 1743 conditionem
861 1712 891 1743 6.
918 1711 1003 1742 Dum
1029 1711 1169 1743 surrexit
1196 1711 1236 1742 de
1259 1710 1385 1743 inferno

277 1758 417 1791 Nuntius
443 1759 496 1790 hic
521 1759 638 1802 attulit,
969 1758 1081 1791 Secum
1107 1758 1236 1790 trahens
1262 1759 1383 1790 animas

230 1806 313 1839 Dum
340 1806 466 1838 Mariae
489 1808 657 1838 lectionem
921 1805 1066 1839 Christus
1089 1814 1181 1839 verus
1209 1806 1261 1837 die
1286 1809 1377 1838 terno

280 1855 351 1887 Ave
378 1855 487 1887 <licens
512 1854 634 1895 retulit,
968 1855 1121 1886 Veterum
1145 1854 1372 1895 sanctissimas,

230 1902 364 1935 Gratiae
390 1903 600 1943 repletionem
921 1902 959 1934 In
988 1902 1106 1934 vestitu
1131 1901 1183 1932 hic
1208 1910 1345 1942 superno

276 1952 314 1984 In
340 1951 400 1983 hac
426 1959 496 1983 esse
520 1951 665 1992 protulit.
970 1950 1044 1982 Pias
1069 1952 1176 1982 monet
1200 1948 1345 1983 feminae.

575 2030 606 2061 7.
633 2028 719 2060 Laus
744 2027 894 2069 perennis
921 2027 1066 2070 creatori,

680 2076 760 2117 Deo,
786 2075 874 2117 patri
899 2075 1047 2117 omnium,

632 2125 790 2168 Filioque,
816 2123 1015 2163 redemptori

681 2172 872 2206 Cunctorum
896 2170 1050 2212 fidelium,

631 2222 749 2255 Sancto
775 2229 900 2262 quoque
925 2220 1072 2252 donatori

680 2269 730 2302 Sit
754 2268 887 2309 aequale
911 2268 1071 2308 gaudium.

240 2365 333 2393 Psalt.
359 2375 411 2393 ms.
434 2367 623 2394 Franciscan.
643 2365 808 2401 Trajecten.
830 2371 906 2391 saec.
929 2361 973 2390 15.
1018 2363 1086 2391 Cori.
1108 2363 1223 2399 Hagen.
1244 2363 1272 2391 J.
1293 2362 1321 2391 4.
1342 2378 1375 2383 —
1401 2361 1486 2391 Brev.

163 2405 329 2433 Romanum
348 2405 419 2440 imp.
435 2405 561 2432 Parisiis
583 2401 666 2432 1531.
681 2405 715 2431 B.
737 2418 771 2422 —
793 2401 820 2437 4,
847 2399 862 2428 1
875 2402 912 2429 In
934 2403 1045 2430 somnis
1059 2403 1092 2430 B.
1110 2416 1142 2421 -—
1160 2401 1186 2435 5,
1208 2400 1225 2429 5
1240 2402 1310 2430 Lies
1324 2404 1436 2438 Quem?
1452 2417 1489 2421 —

163 2442 189 2478 6,
212 2441 227 2470 1
250 2441 323 2470 Cum
343 2442 376 2470 B.
397 2458 436 2462 —
455 2443 531 2470 Mel:
553 2444 655 2478 Pange
673 2443 786 2478 lingua.

222 2495 349 2522 moves,
364 2493 453 2523 Hymni
465 2492 564 2516 raediti.
593 2491 625 2516 Π.
1282 2488 1316 2516 12
