1653 2637
690 123 948 159 —125—

162 220 193 252 3.
221 220 396 260 Extemplo
422 229 482 253 vox
506 219 656 260 insonuit,

220 268 258 299 In
284 277 346 308 qua
373 267 517 300 Christus
542 268 692 307 apparuit

220 314 357 347 Dicens:
385 323 445 354 per
469 314 580 347 mundi
605 315 739 355 gloriam

219 362 268 395 Te
289 362 455 394 nominare
479 361 604 394 faciam.

158 421 190 451 4.
218 419 242 451 O
270 419 451 451 venerande
474 417 606 462 polifex,

219 467 295 498 Pius
321 474 381 497 nec
405 467 516 499 tardus
543 464 652 506 opifex

222 513 362 556 Cunctis,
389 514 443 555 qui
469 514 566 546 corde
592 513 721 546 credulo

217 562 265 594 Te
290 564 427 602 poscunt
449 562 483 594 in
505 562 658 602 periculo,

847 221 877 253 5.
906 217 1023 251 Confer
1048 218 1133 252 vitae
1157 218 1308 258 remedia,

903 264 1006 298 Aufer
1030 266 1135 298 carnis
1158 266 1317 305 incendia,

903 313 948 346 Ut
970 317 1045 354 post
1070 314 1138 353 ejus
1164 313 1290 347 excidia

903 361 1022 393 Tecum
1047 361 1145 394 simus
1168 362 1202 393 in
1228 361 1340 402 gloria.

846 420 876 452 6.
904 418 1048 458 Praesta,
1075 421 1168 458 pater
1192 419 1345 463 piissime,

904 465 991 506 ἔθευ,
1020 475 1089 498 cum
1115 475 1205 498 sacro
1231 465 1359 498 flamine

902 513 946 546 Ut
971 514 1105 547 Antonii
1130 514 1279 554 precibus

905 561 1081 602 {Iungamur
1105 562 1138 593 in
1165 561 1365 594 coelestibus.

233 628 325 655 Psalt.
351 636 403 654 ms.
429 627 656 656 Sanblasianum
681 635 757 655 saec.
780 625 824 655 15.
869 627 937 655 God.
966 628 1124 666 Araugien.
1150 629 1190 656 W
1215 626 1243 656 8.
1265 625 1303 653 ‘'r-
1331 643 1368 648 -—
1397 626 1428 662 6,
1453 626 1473 655 4

158 665 324 702 Jungamur
343 666 402 693 tuis
421 666 454 693 in
474 665 659 694 coelestibus.

559 786 626 818 206.
654 787 699 818 De
719 794 742 817 s.
763 787 895 818 Antonio
914 786 1066 818 Eremita.

689 864 737 894 Ad
757 864 949 895 Nocturnum.

161 933 193 966 1.
220 932 349 965 Laudes
373 937 500 973 promat
522 934 663 966 Antonio

214 980 366 1013 Fratrum
384 984 493 1012 coetus
509 980 563 1012 hic
578 989 784 1021 commorans,

214 1028 294 1067 Ejus
315 1027 469 1060 immenso
495 1028 610 1068 gaudio

213 1075 322 1107 Mores
348 1078 381 1107 et
404 1078 495 1108 actus
519 1084 709 1108 memorans

157 1133 189 1165 2.
215 1133 353 1174 Pauper,
380 1141 480 1172 purus
506 1134 538 1163 et
561 1132 702 1172 humilis,

218 1179 348 1213 Cunctis
374 1180 509 1220 abJ'ectis
535 1179 648 1219 opibus

213 1227 331 1259 Aetate
355 1230 456 1268 tener,
483 1227 608 1267 fragilis

210 1274 327 1307 Procul
353 1275 450 1306 cessit
472 1275 664 1308 hominibus.

154 1331 186 1364 3.
212 1332 324 1364 Hostis
348 1331 428 1363 haec
452 1331 564 1365 videns
589 1332 722 1372 invidet,

212 1379 383 1420 Impugnat
406 1379 527 1420 absque
552 1378 693 1420 foedere,

212 1426 296 1458 Dum
319 1426 404 1458 hunc
428 1428 460 1459 in
485 1427 576 1459 brevi
593 1426 772 1467 praevidet,

212 1473 373 1506 Virtutum
397 1475 464 1506 alta
489 1475 656 1507 scandere.

846 937 877 968 4.
903 934 1007 967 Voces
1031 934 1132 966 hostis
1154 937 1304 976 exagerat

907 981 1028 1023 Verbis,
1055 981 1160 1022 minis,
1188 981 1386 1021 clamoribus,

907 1028 1025 1069 Saevit,
1054 1029 1160 1061 caedit
1184 1032 1216 1061 et
1240 1028 1389 1062 verberat

905 1076 1132 1116 Multiplicatis
1157 1076 1311 1110 hostibus.

845 1135 875 1167 5.
904 1133 1053 1166 Christus
1080 1137 1240 1165 certamen
1267 1133 1422 1173 conspicit

903 1180 948 1213 Et
972 1182 1112 1214 athletae
1137 1181 1356 1223 constantiam,

901 1228 988 1268 Quae
1025 1230 1099 1261 dum
1123 1237 1183 1260 nec
1206 1231 1323 1269 puncto
1350 1227 1467 1269 deficit,

900 1275 1093 1316 Triumphat
1118 1277 1159 1308 ad
1186 1277 1362 1309 victoriam.

843 1334 874 1366 6.
901 1332 981 1373 Regi
1008 1342 1118 1374 regum
1142 1333 1183 1365 sit
1207 1333 1319 1374 gloria,

899 1379 958 1418 Qui
983 1381 1075 1413 nobis
1100 1380 1134 1412 in
1157 1381 1297 1413 Antonio

898 1427 965 1459 Dat
989 1428 1117 1460 virtutis
1142 1429 1277 1469 vestigia

900 1475 992 1507 Omni
1017 1476 1181 1516 sequenda
1206 1475 1323 1509 studio.

225 1540 311 1569 Brev.
331 1539 524 1569 Paulinorum
543 1541 613 1577 imp.
634 1540 766 1569 Venetiis
790 1538 875 1569 1540.

549 1671 616 1702 207.
646 1671 690 1703 De
714 1678 739 1702 s.
759 1671 893 1703 Antonio
913 1671 1064 1704 Eremita.

712 1738 762 1768 Ad
780 1738 908 1769 Laudes.

148 1806 179 1840 1.
208 1807 314 1840 Corda
335 1807 472 1847 jungant
495 1807 693 1840 adstantium

204 1854 291 1887 Laus
317 1857 349 1886 et
371 1854 473 1887 honor
496 1855 641 1895 Antonii,

206 1902 257 1935 Sit
281 1912 343 1935 vox
369 1911 501 1935 concors
526 1903 738 1945 laudantium,

205 1950 277 1982 Sint
301 1959 387 1983 nunc
412 1959 522 1983 amore
546 1952 636 1986 socii.

145 2009 177 2040 2.
204 2008 365 2040 Antonius
390 2007 554 2048 pacificus,

203 2055 327 2096 Dulcis,
354 2056 452 2097 mitis,
478 2056 668 2099 tractabilis,

203 2104 249 2136 Et
272 2113 382 2137 amore
406 2103 593 2145 magnificus

201 2152 246 2184 Et
271 2152 418 2185 omnibus
443 2152 599 2186 amabilis.

143 2210 174 2242 3.
199 2209 359 2251 Exemplo
385 2211 494 2251 plures
522 2210 639 2252 docuit⁷

201 2257 305 2291 Fama
328 2259 491 2298 pertraxit
514 2259 682 2301 plurimos,

200 2306 289 2340 Dum
313 2306 424 2340 vivens
449 2307 547 2348 signis
576 2308 700 2349 claruit,

200 2354 254 2387 Ad
283 2355 352 2388 dies
376 2356 465 2388 venit
488 2355 627 2389 ultimos

835 1810 867 1841 4.
894 1809 1060 1842 Abscondi
1084 1810 1142 1842 sub
1169 1811 1296 1843 silentio

895 1857 1018 1897 Corpus
1041 1857 1144 1900 J'ubet,
1174 1862 1208 1890 ut
1229 1860 1339 1898 lateat,

897 1903 960 1936 Sed
985 1906 1148 1938 lucernam
1165 1906 1224 1939 sub
1243 1906 1350 1939 modio

895 1952 1041 1986 Christus
1067 1955 1176 1997 traxit,
1203 1957 1240 1986 ut
1263 1955 1378 1989 luceat.

836 2012 868 2043 5.
897 2009 1000 2042 Lucet
1025 2020 1150 2052 quoque
1174 2012 1348 2052 miraculis,

894 2058 1000 2091 Adest
1021 2068 1057 2091 se
1081 2060 1348 2101 supplicantibus,

895 2106 962 2138 Nos
987 2108 1074 2147 apud
1101 2108 1262 2141 Christum
1287 2109 1406 2142 sedulis

891 2155 989 2188 Juvet
1014 2156 1223 2191 orationibus..

832 2214 864 2247 6.
891 2212 972 2253 Regi
997 2222 1107 2254 regum
1133 2214 1175 2246 sit
1201 2214 1312 2255 gloria,

893 2260 955 2299 Qui
977 2261 1071 2294 nobis
1094 2261 1129 2293 in
1151 2262 1292 2295 Antonio

887 2308 954 2340 Dat
978 2309 1105 2342 virtutis
1131 2311 1266 2351 vestigia

890 2356 984 2389 Omni
1007 2359 1170 2398 sequenda
1195 2359 1311 2393 studio.

214 2420 302 2448 Brev.
323 2421 516 2449 Paulinorum
535 2421 606 2458 imp.
627 2421 760 2450 Veneffis
784 2419 867 2451 1540.
