1653 2637
690 152 737 157 -ο
787 133 856 168 222
904 153 951 158 -

602 224 669 257 388.
702 226 743 257 De
765 226 872 257 saneto
894 225 1032 257 Kiliano.

163 293 193 326 1.
219 293 415 327 Veneremur
438 296 603 329 beatorum
847 297 879 329 4.
908 296 958 328 Ex
984 305 1099 329 occasu
1123 296 1278 328 illustrari

267 343 448 384 Martyrum
472 345 637 384 solemnia,
955 344 1038 378 Solis
1064 346 1152 376 ortus
1178 344 1311 385 stupuit,

221 390 269 424 Ut
289 390 322 422 iu
348 391 400 424 die
423 396 630 432 patronorum
905 392 957 424 Ab
984 394 1125 424 extremo
1151 391 1243 424 nobis
1267 391 1349 423 mari

266 437 398 471 Festiva
420 439 546 472 laetitia
949 440 1031 472 Dum
1057 440 1161 471 lumen
1187 439 1324 481 emicuit,

220 485 400 518 Sentiamus
425 497 483 519 nos
509 495 617 519 eorum
905 488 969 520 Per
994 487 1078 527 quod
1105 495 1161 518 nos
1188 486 1229 520 ad
1254 495 1290 518 se
1312 486 1419 519 vocari

268 533 382 566 Votiva
406 534 565 575 suffragia.
952 535 1020 567 Deo
1046 536 1156 567 nostro
1182 534 1313 575 placuit.

162 592 192 622 2.
219 590 279 629 Qui
305 591 380 623 dum
405 600 484 623 vera
506 594 730 632 pugnaverunt
846 593 877 626 5.
904 592 1046 632 Kiliane‚
1072 593 1182 632 pastor
1206 591 1299 630 bone,

267 638 328 670 Pro
355 638 419 671 fide
443 639 581 671 viriliter
952 640 1036 672 Tuas
1061 647 1135 671 oves
1160 638 1266 680 refice,

214 685 259 717 Et
284 687 417 719 eandem
441 686 616 718 docuerunt
903 686 1065 726 Colonate,
1092 687 1124 718 in
1150 694 1251 727 agone

264 732 381 765 Tener-i
406 732 556 776 fideliter,
950 734 1165 767 Colluctantes
1192 733 1325 773 respice,

218 779 420 819 Sempiterna
442 783 628 813 meruerunt
901 782 925 814 O
952 782 1096 814 Totnane
1119 790 1176 812 nos
1202 783 1336 822 patrone

265 826 420 860 Coronam
448 827 595 861 feliciter.
946 828 1073 861 Turbae
1099 828 1196 868 junge
1221 828 1369 860 coelicae.

159 884 190 917 3.
217 884 349 916 Trinum
375 884 477 917 Deum
502 888 576 916 sunt
602 883 738 917 confessi
843 888 872 919 6.
904 885 1033 917 Praesta
1058 885 1150 917 nobis
1174 885 1235 917 hoc
1259 886 1362 926 beata,

266 932 363 964 Trino
389 932 422 964 in
447 933 610 975 martyrio,
951 932 1042 975 Vera,
1073 941 1137 964 una
1159 932 1295 973 trinitas,

216 978 287 1010 Nec
310 979 349 1011 ab
374 988 437 1011 uno
463 983 537 1011 sunt
562 980 698 1020 digressi
899 979 1020 1011 Nostra
1045 980 1132 1012 dilue
1156 981 1299 1019 peccata,

264 1025 358 1058 Fidei
382 1027 543 1066 mysterio,
949 1026 1058 1067 Trina,
1083 1035 1147 1058 una
1173 1027 1285 1065 deitas,

215 1073 313 1112 Quem
337 1074 501 1106 laudemus
526 1072 680 1106 indefessi
901 1074 963 1106 Per
988 1076 1020 1104 te
1045 1073 1137 1106 venia
1161 1074 1204 1104 sit
1229 1073 1315 1112 data,

264 1119 387 1160 Cordis,
415 1122 479 1153 oris
501 1121 614 1159 jubilo.
950 1121 1061 1160 Trina,
1087 1130 1150 1153 una
1175 1121 1288 1154 unitaS.

232 1186 315 1212 Brev.
343 1194 395 1213 ms.
417 1186 662 1222 Wirceburgense
682 1194 757 1213 saec.
782 1183 823 1213 15.
867 1185 936 1213 Cod.
954 1186 1174 1222 Wirceburgen.
1195 1186 1255 1221 ΜΡ.
1276 1185 1317 1212 th.
1339 1195 1365 1213 o.
1387 1182 1431 1212 11.

558 1306 623 1338 389.
669 1306 712 1338 De
732 1307 842 1338 sancta
862 1306 1062 1347 Kunegunde.

156 1376 186 1408 1.
213 1376 323 1408 Laetis
349 1385 523 1416 pangamus
545 1375 675 1408 vocibus
855 1378 887 1410 6.
914 1377 1000 1409 Nota
1024 1377 1129 1417 neptis
1155 1377 1288 1417 accidia,

213 1424 356 1463 Kunegis
388 1427 518 1456 sanctae
542 1425 666 1466 merita,
910 1424 993 1456 Dum
1020 1433 1131 1464 genam
1159 1423 1234 1456 ferit
1257 1425 1361 1464 alapa,

213 1470 346 1502 Devotis
370 1471 418 1502 illi
445 1471 595 1502 cordibus
911 1471 1015 1504 Infixa
1040 1475 1169 1504 manent
1191 1473 1341 1511 stigmata

215 1517 367 1549 Dicamus
391 1518 522 1549 laudum
549 1518 697 1550 carmina.
909 1519 1064 1558 Adusque
1087 1519 1173 1550 vitae
1197 1522 1350 1558 tempora.

156 1575 189 1607 2.
216 1574 313 1613 Cujus
337 1578 406 1606 vita
428 1574 610 1615 laudabilis,
852 1576 884 1608 7.
908 1575 1056 1607 Mancam
1082 1576 1240 1614 abjectam
1265 1575 1411 1607 manibus

212 1622 294 1654 Tota
318 1621 443 1661 pollens
469 1622 649 1661 virtutibus,
911 1622 1075 1655 Sustentat
1099 1623 1175 1654 solis
1201 1623 1322 1663 radius,

216 1669 368 1702 Goelestis
394 1667 429 1700 fit
456 1669 601 1701 amabilis
910 1671 1009 1710 Quam
1034 1670 1143 1702 reddit
1167 1670 1327 1703 offertorio

214 1717 310 1757 Regis
336 1717 466 1756 placens
492 1716 664 1749 obtutibus
911 1717 1074 1758 Completo
1099 1726 1187 1749 more
1211 1718 1308 1758 regio.

155 1774 185 1807 3.
212 1773 297 1805 Data
321 1773 461 1805 Henrico
486 1774 582 1812 socia,
852 1776 882 1808 8.
909 1776 934 1808 O
962 1775 1058 1814 digna
1084 1774 1201 1808 Christi
1223 1776 1366 1816 vernula,

214 1821 330 1852 Mundi
359 1822 551 1853 monarchae
572 1821 684 1864 nobili,
909 1822 972 1855 Pro
998 1822 1090 1854 nobis
1115 1822 1184 1854 Deo
1209 1823 1356 1862 supplica

214 1868 327 1901 Carnis
352 1872 538 1908 spernentes
564 1869 643 1900 vitia
911 1871 956 1903 Ut
977 1873 1052 1910 post
1075 1871 1154 1902 haec
1177 1870 1363 1903 transitoria

214 1915 278 1955 Spe
304 1916 429 1948 Christo
456 1918 568 1948 vivunt
592 1916 710 1948 stabili.
909 1918 1055 1950 Praestet
1078 1921 1209 1950 aeterna
1232 1918 1357 1958 gaudia.

155 1974 185 2006 4.
213 1972 347 2005 Servata
373 1973 558 2005 castimonia
852 1982 883 2008 v.
909 1975 1007 2015 Ergo,
1034 1975 1095 2006 Dei
1120 1977 1155 2006 tu
1180 1974 1309 2016 famula,

213 2020 324 2052 Carnis
348 2020 518 2052 haeredem
539 2023 702 2060 respuunt,
909 2022 1129 2062 Kunegundis,
1159 2031 1218 2063 per
1243 2024 1371 2055 saecula

213 2067 339 2106 Degunt
362 2068 396 2099 in
421 2067 640 2107 sanctimonia,
907 2069 1034 2101 Christo
1061 2078 1256 2110 conregnans
1279 2071 1405 2103 veniam

213 2114 263 2155 Se,
292 2123 349 2146 sua
376 2113 502 2147 Christo
527 2115 681 2147 tribuunt.
908 2116 1008 2148 Nobis
1033 2126 1147 2156 poscas
1174 2120 1207 2149 et
1228 2118 1374 2159 gratiam.

154 2174 185 2206 5.
213 2171 333 2204 Plantis
357 2171 451 2212 igniti
476 2180 618 2204 vomeres
838 2174 890 2206 10.
904 2172 973 2204 Deo
1000 2174 1086 2211 patri
1112 2173 1155 2204 sit
1179 2174 1281 2214 gloria

213 2219 315 2251 Nudis
339 2219 402 2251 iter
428 2219 506 2250 dant
529 2227 665 2259 roseum,
905 2220 1047 2259 Ejusque
1079 2220 1140 2253 soli
1163 2220 1229 2254 filio

212 2266 314 2300 Pedes
338 2267 452 2299 illaesa
474 2269 598 2298 teneres
910 2268 988 2300 Cum
1013 2268 1129 2307 spiritu
1153 2269 1309 2308 paraclito

213 2315 267 2347 Sic
289 2317 407 2354 purgat
430 2313 632 2348 adulterium.
907 2314 952 2346 Et
975 2324 1059 2346 nunc
1084 2319 1115 2347 et
1140 2316 1172 2347 in
1198 2321 1398 2357 perpetuum.

228 2382 310 2409 BreV.
326 2389 380 2408 ms.
393 2379 646 2416 Nurembergense
659 2382 729 2408 anni
745 2377 826 2408 1412.
858 2379 928 2408 Cod.
943 2381 1029 2409 civit.
1043 2381 1272 2420 Nurembergen.
1284 2384 1350 2413 VH.
1364 2383 1411 2414 43.
1427 2403 1462 2407 —

151 2419 178 2456 5,
202 2418 216 2448 1
237 2420 373 2448 vomeris.
394 2433 431 2438 —
453 2417 479 2455 6,
500 2416 518 2446 2
537 2427 621 2455 gena.
643 2435 680 2438 —
701 2418 729 2454 7,
748 2416 766 2447 2
786 2418 866 2447 solis.
