1653 2637
711 143 756 148 --
805 122 874 158 259
928 143 969 148 —-

366 218 396 250 2.
420 219 493 251 Hoc
517 220 623 259 poscit
653 219 762 260 utique
783 220 897 253 inclita.
921 221 1023 262 gloria

426 267 601 299 Tantorum
628 268 776 300 comitum
801 268 886 308 regis
913 271 945 300 et
969 268 1091 313 optimi,

476 314 554 346 Cum
580 325 640 356 quo
665 315 747 348 lucis
771 316 805 348 in
830 324 905 347 arce

518 362 612 394 Laeti
636 367 792 403 perpetuo
817 366 956 398 manent.

367 419 401 450 3.
427 418 510 450 Nam
531 419 647 451 Petrus
672 419 799 451 titulum
826 419 921 460 erigit
944 420 1088 461 arduum,

428 467 506 499 Cum
531 475 590 506 pro
617 467 713 499 laude
736 466 799 499 Dei
825 467 965 508 claviger
990 468 1128 500 aetheris

475 513 629 546 Exsultat
663 522 833 555 generosus

524 560 612 593 Coeli
636 570 735 602 regna
759 564 873 601 potens
898 564 1020 595 tenens.

369 618 401 650 4.
430 617 526 657 Cujus
553 620 728 658 perpetuus
755 621 860 650 exstat
885 621 917 650 et
940 619 1070 651 inclitus

423 665 543 698 Paulus
568 675 642 697 nam
668 666 773 697 socius
797 667 910 698 doctor
934 669 966 698 et
990 666 1138 707 optimus,

474 712 592 744 Christi
619 722 675 745 vas
698 713 874 752 pretiosum

520 759 563 790 Et
596 763 702 791 rector
726 760 836 800 populi
860 759 932 792 Dei.

365 817 397 848 5.
423 816 486 855 En,
514 817 598 855 quod
624 817 686 848 iste
710 819 813 856 vocat,
843 816 901 848 ille
924 826 1022 856 supra
1046 817 1141 856 locat,

424 864 514 903 Quod
540 864 658 895 Paulus
683 863 826 905 adhibet,
851 863 914 895 hoc
937 865 1053 897 Petrus
1076 865 1207 904 inseret,

473 910 592 943 Christi
616 911 708 943 testis
733 914 878 951 uterque,

519 959 608 991 Coeli
634 959 719 990 cives
745 962 776 990 et
801 959 935 990 incolae.

363 1017 394 1048 6.
423 1015 584 1048 Christum
609 1018 712 1047 morte
738 1016 840 1047 crucis
864 1024 936 1047 nam
962 1015 1105 1054 sequitur
1131 1015 1255 1056 Petrus,

422 1063 500 1095 Cum
526 1071 637 1094 caesus
664 1062 768 1103 capite
793 1062 910 1095 Paulus
937 1065 970 1093 et
993 1062 1125 1094 horride
1151 1065 1209 1102 est,

469 1110 616 1142 Victores
642 1112 740 1150 caput
763 1120 870 1149 unum,

518 1158 623 1190 Ambo
649 1158 711 1189 rite
736 1160 844 1189 tenent
871 1157 1008 1189 domum.

363 1214 394 1246 7.
421 1215 488 1247 Nos
514 1214 626 1246 horum
652 1214 812 1253 precibus,
840 1214 977 1253 Christe,
1003 1213 1156 1252 piissimis

420 1262 467 1293 Te
494 1261 592 1293 dones
619 1262 713 1293 citius
738 1270 873 1301 poscere
898 1262 1041 1294 coelitus.

468 1308 566 1341 Absit
595 1309 700 1341 scelus
726 1310 809 1349 quod
835 1318 928 1341 omne

517 1356 562 1388 Et
586 1358 701 1389 cuncta
729 1357 859 1389 veniant
881 1356 975 1389 bona.

358 1414 390 1446 8.
416 1415 577 1447 Immunes
602 1413 749 1445 manibus
773 1414 871 1445 simus
897 1415 928 1445 et
949 1412 1084 1454 actibus,

419 1461 553 1493 Sensum
581 1461 678 1493 corde
701 1460 789 1501 pium
816 1459 925 1493 confer
951 1463 982 1492 et.
1005 1460 1169 1499 optimum,

467 1508 513 1541 Ut
538 1511 570 1540 te
594 1509 656 1540 rite
682 1508 822 1540 colentes

515 1555 692 1597 Sequamur
718 1555 887 1588 Dominum
912 1564 1034 1596 greges.

356 1615 387 1646 9.
415 1613 512 1653 GuJus
539 1614 626 1645 orbis
651 1613 763 1656 honor,
788 1613 876 1652 cujus
903 1616 933 1644 et
959 1612 1100 1652 aethera,

420 1661 516 1701 Cujus
542 1663 607 1693 tam
635 1664 667 1692 et.
690 1660 777 1692 salus
804 1664 833 1692 et
860 1660 944 1693 bona
967 1660 1115 1700 maxima,

462 1708 525 1740 Est
550 1709 600 1740 cui
624 1716 739 1740 nomen
762 1709 797 1739 in
822 1717 945 1748 aevum,

513 1755 659 1796 Regnum
683 1758 875 1795 perpetuum
900 1755 1005 1788 simul.

238 1831 350 1867 Hymn.
371 1840 425 1859 ms,
442 1830 682 1859 Fredeslariense
700 1838 777 1859 saec.
800 1828 844 1858 11.
881 1830 950 1858 God.
967 1830 1115 1859 Casselan.
1129 1830 1185 1858 Ms.
1206 1829 1297 1858 theol,
1316 1830 1361 1858 IV
1380 1827 1425 1858 25.
1449 1845 1483 1849 —

162 1867 190 1901 4,
212 1868 232 1897 4
251 1870 343 1897 Deus.
368 1884 401 1889 —-
424 1868 450 1903 6,
474 1867 488 1896 1
511 1868 654 1905 Spiritum
673 1868 774 1904 (Spm),
794 1868 907 1897 falsche
925 1868 1054 1897 1nitiale.

626 1990 695 2021 457.
724 1989 768 2021 De
789 1989 897 2020 sancto
919 1989 1021 2020 Petro.

161 2065 188 2096 1.
215 2063 446 2104 Apostolorum
471 2062 661 2102 principem,
851 2062 882 2094 3.
910 2060 1023 2093 Clarus
1048 2068 1139 2092 sacro
1165 2058 1349 2099 praeconio,

218 2112 345 2145 Celsam
372 2112 550 2143 columnam
577 2109 741 2153 ecclesiae,
911 2109 1065 2148 Princeps
1093 2110 1250 2147 caputque
1274 2106 1465 2146 principum,

213 2159 346 2192 Fortem
371 2162 499 2199 petram
524 2156 722 2196 fundamine,
909 2157 1044 2197 Dignus,
1073 2156 1122 2187 cui
1150 2155 1227 2187 dans
1253 2154 1388 2195 gloriam

214 2208 347 2241 Petrum
372 2206 486 2240 fideles
513 2208 717 2246 concrepent.
909 2205 1015 2238 Pedes
1041 2205 1227 2243 redemptor
1252 2202 1364 2235 abluit.

155 2266 187 2298 2.
215 2265 280 2297 Hic
304 2267 417 2306 pastor
443 2267 476 2297 et
499 2264 639 2296 vicarius
851 2264 884 2295 4.
908 2263 968 2303 Qui
992 2270 1100 2304 puppe
1124 2261 1234 2300 lapsus
1259 2259 1399 2300 pendulo

213 2313 374 2345 Altissimi
399 2313 563 2353 praelatus
590 2315 639 2344 est
910 2312 1044 2343 Pontum
1071 2308 1191 2350 premit
1213 2308 1347 2348 vestigio

213 2360 357 2400 Barjona
381 2369 495 2393 nomen
522 2368 708 2400 promerens
908 2358 954 2390 Et
978 2358 1074 2390 dorsa
1098 2366 1157 2397 per
1180 2355 1337 2396 liquentia

212 2408 258 2441 Et
282 2411 378 2448 porta
405 2408 486 2440 coeli
511 2407 616 2440 factus
642 2409 700 2441 est.
910 2406 1011 2439 Fidus
1037 2403 1102 2438 fide
1125 2404 1337 2445 perambulat.

1248 2459 1298 2488 Π·
