1653 2637
732 144 991 179 *258*

515 241 546 273 6.
574 240 707 273 Obviam
734 240 818 272 cives
845 240 976 272 veniunt
1000 240 1139 280 superni,

571 287 616 319 Et
640 288 869 328 prophetarum
896 287 1065 320 comitatur
1089 296 1211 329 agmen,

574 335 688 375 Angeli
715 335 828 367 summi
855 334 1011 366 revehunt
1036 338 1184 367 canentes

618 382 715 422 Regis
740 383 773 413 in
800 390 915 414 arcem.

517 439 547 472 7.
574 439 684 477 Paule,
708 439 774 477 jam
800 447 921 469 summo
948 440 1091 472 residens
1117 439 1260 480 Olympo,

576 486 720 525 Impetra
746 484 865 517 Christi
890 484 1017 518 famulis
1043 486 1194 529 favorem,

577 533 623 565 Ut
647 533 750 565 scelus
775 533 863 564 laxet
887 533 1071 575 tribuatque
1095 543 1249 567 summurn

621 580 783 613 Scandere
809 581 942 616 coelum.

281 645 368 673 Brev.
390 645 583 673 Paulinomm
605 646 672 681 imp.
695 646 827 673 Venetiis
850 644 933 674 1540.

646 767 714 798 455.
746 765 789 798 De
809 771 916 798 saneto
937 767 1077 799 Paulino.

424 836 455 869 1.
477 838 617 878 Agamus
641 838 776 870 Domino
801 838 912 870 laudes
940 847 1010 869 cum
1036 837 1158 870 cantico

477 880 617 918 Melod'is
644 886 774 918 vocibus
800 888 830 916 et
856 885 918 925 piis
943 885 1111 923 mentibus,

479 932 539 971 Qui
562 942 635 965 suos
660 939 829 973 martyres,
855 935 1001 965 strenuos
1026 933 1154 972 milites,

532 980 669 1013 Coronat
694 990 752 1020 pro
778 980 923 1012 victoria.

429 1039 461 1070 2.
482 1037 627 1078 Benigna
653 1038 779 1079 caritas,
812 1040 993 1069 sanctorum
1018 1038 1121 1077 pietas

480 1084 623 1116 Terrena
648 1086 780 1126 respuit,
808 1085 926 1116 coelica
951 1085 1063 1124 tenuit,

485 1132 638 1164 Paulinus
665 1131 813 1165 floridum
840 1132 957 1172 probat
979 1132 1166 1174 martyrium

530 1180 703 1212 Tormenta
726 1188 785 1220 per
810 1180 969 1214 immania.

427 1238 458 1269 3.
485 1237 583 1277 Cujus
607 1238 840 1270 sanctissimum
868 1240 963 1277 caput
986 1246 1045 1277 per
1070 1237 1209 1269 ferreum

480 1284 611 1316 Teritur
635 1286 795 1324 malleum,
822 1283 968 1316 funditur
994 1285 1167 1326 cerebrum,

483 1331 603 1365 Cruore
626 1333 768 1374 rubeum,
796 1333 878 1364 sicut
901 1333 953 1364 lac
978 1333 1148 1365 candidum

529 1380 583 1411 Ad
609 1379 710 1411 faucis
738 1388 869 1411 currens
893 1380 1014 1412 intima.

429 1438 458 1469 4.
484 1435 536 1467 Da
559 1436 660 1474 nobis,
687 1436 832 1475 Domine,
859 1446 917 1475 pro
943 1439 997 1468 tuo
1024 1436 1150 1469 nomine

481 1482 605 1514 Devote
629 1484 745 1526 vivere,
773 1486 806 1514 te
830 1492 956 1523 semper
981 1485 1093 1516 timere

483 1530 591 1570 Teque
618 1530 761 1570 diligere,
791 1530 920 1569 placide
946 1531 1050 1562 colere

530 1577 654 1609 Paulini
679 1585 771 1609 sacra
795 1577 919 1608 merita.

425 1634 455 1666 5.
482 1632 562 1664 Esto
593 1633 751 1672 propitius
777 1632 839 1664 tuis
864 1631 1025 1672 fidelibus,

481 1680 552 1711 Rex
576 1680 806 1720 potentissime,
834 1680 980 1711 conditor
1005 1680 1132 1722 optime,

479 1727 608 1760 Paulini
632 1728 774 1759 servulos
799 1736 929 1767 magnos
955 1730 987 1758 et
1010 1727 1160 1766 parvulos

530 1774 680 1806 Guberna
704 1777 760 1806 tua
784 1774 896 1813 gratia.

425 1833 455 1865 6.
482 1831 559 1864 Fiat
582 1831 652 1872 hoe,
679 1831 812 1871 genitor,
839 1829 897 1872 fer,
925 1831 1034 1862 mundi
1061 1831 1256 1873 redemptor,

482 1879 542 1918 Da,
570 1884 680 1911 sancte
704 1877 844 1918 spiritus,
870 1878 953 1917 quod
980 1887 1057 1910 sane
1080 1879 1234 1921 petimus;

482 1926 531 1957 Sit
555 1926 624 1965 tibi,
652 1926 790 1964 trinitaS‚
817 1934 880 1956 una
906 1925 1067 1966 divinit-as,

529 1973 625 2016 Laus,
653 1973 763 2014 honor,
789 1972 901 2012 virtus,
927 1973 1038 2012 gloria.

280 2050 364 2077 Brev.
395 2057 446 2077 ms.
468 2048 498 2076 S.
521 2047 666 2075 Caeciliae
687 2046 837 2074 Colonien.
861 2055 937 2073 saec.
961 2045 1003 2074 16.
1045 2048 1114 2077 Cod.
1135 2050 1356 2080 Darmstadien.
1377 2051 1461 2082 2656.
1486 2069 1521 2074 —

207 2086 233 2122 3,
255 2086 272 2114 2
294 2087 469 2115 Conteritur.

615 2205 682 2236 456.
715 2205 759 2236 Dc
781 2212 820 2235 ss.
840 2204 932 2236 Petro
955 2207 987 2237 et
1005 2207 1112 2240 Paulo.

471 2277 501 2309 1.
529 2276 715 2308 Sanctorum
741 2275 863 2315 pariter
887 2277 1024 2315 promite
1047 2280 1229 2320 principum

533 2323 693 2363 Natalem,
718 2322 807 2362 socii,
832 2323 963 2362 psallite
986 2325 1134 2358 laudibus

574 2371 796 2410 Insignemque
821 2370 1026 2413 triumphum,

621 2417 804 2450 Gaudentes
829 2418 967 2451 sonitum
994 2420 1076 2455 date.
