1653 2637
722 165 982 201 —209—

652 257 719 290 359.
749 257 793 290 De
814 261 920 291 sancto
941 259 1064 301 Joseph.

193 325 225 359 1.
252 327 384 367 Joseph‚
413 326 576 360 confessor
598 329 718 371 inclite,

254 374 368 407 Custos
394 375 520 408 Mariae
547 377 703 418 dominae,

250 422 377 455 Adesto
403 424 522 456 nostris
547 425 708 466 precibus,

253 469 337 509 Quas
362 471 416 511 pie
441 470 501 502 tibi
525 472 698 505 fundimus.

192 528 223 559 2.
252 528 276 560 O
303 528 443 568 gloriose
467 528 575 568 bajule

251 576 433 609 Conditor-is
459 576 547 607 orbis
572 579 688 616 terrae,

252 622 298 655 Ut
325 625 420 664 digne
447 623 556 655 demus
583 626 716 665 cantica,

251 670 371 703 Nostra
399 672 564 710 disrumpe
589 672 732 705 crimina.

188 729 219 760 3.
248 728 272 760 Ο
300 731 406 760 custos
431 729 543 760 matris
569 729 707 772 Domini,

250 775 392 807 Devotos
417 778 471 807 tuo
497 776 626 816 nomini,

246 823 368 863 Joseph
394 824 487 862 alme,
514 832 574 863 per
599 833 714 863 aspera

247 870 345 902 Salva
370 879 496 910 semper
522 874 552 902 et
577 880 743 911 prospera.

883 332 914 364 4.
942 332 1068 364 Adesse
1093 332 1156 364 tuis
1182 330 1310 363 famulis

942 379 1083 420 Dignare
1110 379 1174 411 dux
1199 379 1355 417 amabilis,

942 427 1087 459 Sentiant
1112 429 1222 459 nostra
1245 430 1377 466 pectora

940 475 1009 506 Tua
1034 482 1160 515 semper
1184 474 1356 513 juvamina.

905 557 913 564 .
941 532 965 564 O
992 530 1084 564 faber
1108 531 1300 570 beatissime,

940 579 1043 611 Nobis
1064 579 1201 618 benigne
1225 587 1376 610 succurre

940 626 1069 667 Nosque
1093 626 1254 666 supplices
1279 626 1413 669 respice,

942 673 1023 706 Vota
1047 682 1211 706 servorum
1237 674 1372 714 suscipe.

905 758 912 764 .
940 731 1081 769 Praesta,
1109 737 1201 771 pater
1224 731 1374 774 ingenite,

939 778 1025 822 Jcsu,
1053 788 1122 810 cum
1148 781 1257 810 sancto
1282 777 1420 819 fiamine,

936 825 982 858 Ut
1006 826 1127 866 Joseph
1152 826 1227 857 almi
1252 826 1401 865 precibus

935 874 1112 914 Jungamur
1136 873 1168 904 in
1197 873 1396 906 coelestibus.

264 937 373 971 Hymn.
395 946 447 964 ms.
470 936 643 972 Campensis
664 939 734 965 anni
757 936 839 966 1462.
881 939 949 966 Corl.
970 938 1187 967 Darmstadien.
1208 936 1274 965 521.

645 1028 712 1060 360.
744 1029 787 1060 De
807 1031 912 1061 sancto
932 1030 1057 1071 Joseph.

720 1097 756 1126 In
778 1098 802 1126 1.
824 1098 973 1136 Vesperis.

186 1165 217 1198 1.
244 1166 426 1207 Scriptores
453 1166 626 1206 evangelici

240 1213 392 1256 Narrant,
421 1214 505 1253 quod
531 1213 694 1253 generatio

243 1261 373 1300 Christi,
400 1260 534 1292 rectoris
560 1261 680 1300 coelici,

243 1308 296 1341 Sic
323 1311 392 1340 erat
417 1308 456 1340 ab
482 1308 590 1339 initio:

181 1367 211 1399 Δ.
240 1366 292 1397 Ex
317 1366 480 1397 Abraham
507 1364 660 1404 progenie

239 1413 369 1444 Patrum
393 1421 492 1454 genus
520 1412 713 1444 describitur

235 1460 281 1492 Et
306 1469 365 1500 per
389 1460 495 1492 David
523 1468 562 1490 ex
586 1460 707 1490 semine

234 1508 287 1539 Ad
313 1508 435 1547 Joseph
461 1515 561 1545 usque
587 1506 723 1538 ducitur.

175 1566 205 1598 3.
234 1566 333 1603 Quam
357 1572 473 1604 magna
500 1562 731 1594 commendatio

237 1612 304 1644 Viri
326 1612 404 1652 Justi
432 1610 641 1652 cognoscitur,

234 1660 380 1694 carnalis
404 1668 476 1691 nam
501 1658 659 1690 successio

233 1709 364 1740 Patrum
389 1709 462 1747 post
486 1707 569 1737 hunc
592 1706 800 1738 concluditur.

174 1768 206 1799 4.
232 1765 384 1797 Divinum
410 1772 468 1804 per
493 1764 655 1795 oraculum

234 1812 338 1845 Senex
364 1811 488 1851 accepit
512 1811 678 1851 virginem,

235 1861 361 1893 Intacta
384 1868 444 1900 per
467 1858 653 1898 mysterium

234 1908 336 1940 Deum
364 1907 510 1947 concepit
534 1906 702 1940 hominem.

874 1168 905 1200 5.
934 1168 958 1200 O
985 1177 1078 1207 quam
1103 1167 1202 1199 altum
1229 1166 1405 1206 consilium,

930 1215 1114 1246 Absconsus
1142 1213 1285 1245 Christus
1311 1215 1453 1252 venerat,

931 1262 1027 1294 Plebs
1052 1264 1145 1301 putat
1170 1259 1255 1292 fabri
1279 1259 1379 1291 filium

928 1309 1032 1349 Hunc,
1060 1317 1153 1348 quem
1178 1308 1268 1347 virgo
1292 1309 1474 1347 pepererat.

893 1390 899 1395 .
928 1365 982 1397 Sic
1005 1373 1065 1404 per
1091 1372 1270 1396 successum
1296 1366 1475 1402 temporum

928 1413 1048 1445 Crescit
1072 1412 1206 1443 honesta
1231 1410 1371 1451 castitas,

923 1459 1055 1498 Absque
1082 1460 1229 1490 contactu
1256 1466 1424 1496 corporum

925 1505 1085 1538 Christum
1109 1505 1197 1545 parit
1218 1504 1397 1544 virginitas.

887 1590 894 1596 .
923 1562 1034 1595 Custos
1060 1562 1185 1595 Mariae
1211 1561 1354 1601 virginis,

922 1611 946 1643 O
973 1613 1083 1642 sancte
1104 1610 1236 1649 Joseph,
1261 1618 1412 1651 propera,

921 1659 958 1690 In
984 1658 1076 1691 nobis
1101 1666 1175 1690 rore
1197 1656 1334 1689 flaminis

920 1707 1054 1739 Aestum
1081 1706 1185 1739 carnis
1211 1704 1380 1747 refrigera.

887 1789 893 1795 .
919 1764 1032 1796 Gloria
1060 1764 1130 1802 ΗΜ,
1156 1763 1304 1802 Domine,

923 1811 983 1850 Qui
1008 1815 1101 1844 natus
1128 1820 1161 1842 es
1189 1812 1229 1843 de
1255 1812 1389 1851 virgine,

921 1860 989 1892 Nos
1017 1868 1087 1892 cum
1112 1863 1167 1891 tuo
1193 1859 1332 1890 nutricio

922 1908 991 1939 Fac
1016 1906 1080 1939 frui
1107 1907 1184 1939 coeli
1213 1907 1340 1947 gaudio.

251 1976 355 2003 Dium.
383 1983 435 2002 ms.
462 1973 611 2010 Brigittin.
639 1981 715 2000 saec.
748 1971 791 2000 15.
841 1973 909 2001 Cod.
940 1973 1091 2001 colonien.
1119 1971 1164 2000 92.
1211 1971 1497 2010 [Handschriffliche

171 2014 296 2042 Zusiitze
322 2023 388 2041 zum
409 2013 514 2041 Dium.
537 2011 687 2039 Colonien.
712 2013 782 2048 imp.
809 2021 832 2039 s.
860 2013 880 2040 1.
909 2014 939 2040 ct
965 2009 1005 2048 a.]
1025 2012 1059 2039 A.
1080 2029 1118 2033 —
1138 2012 1222 2040 L'rev.
1245 2012 1406 2041 othinense
1426 2012 1495 2050 imp.

169 2053 308 2081 Lubecae
340 2050 421 2080 1479.
449 2051 482 2078 Β.
512 2065 551 2069 -
580 2051 665 2078 Brev.
693 2051 870 2086 Stregnense
899 2053 968 2088 imp.
997 2051 1137 2079 Holmiae
1168 2049 1250 2078 1495.
1279 2051 1309 2079 C.
1341 2067 1377 2071 —
1408 2053 1494 2080 Brev.

169 2092 327 2120 Lundense
347 2093 417 2127 imp.
437 2090 564 2118 Parisiis
587 2086 669 2117 1517.
691 2090 726 2117 D.

629 2172 688 2205 361.
722 2172 767 2205 De
787 2174 895 2205 sancto
917 2174 1041 2215 Joseph.

704 2242 753 2271 Ad
772 2242 965 2273 Nocturnum.

176 2313 205 2345 1.
233 2312 354 2351 Joseph
380 2311 445 2344 fert
468 2314 607 2343 mentem
632 2312 794 2351 stupidam

233 2360 344 2398 Fugae
368 2367 485 2398 parans
510 2359 719 2399 praesidium,

232 2406 317 2438 Dum
344 2406 431 2437 videt
457 2414 605 2444 sponsam
631 2406 797 2445 gravidam

235 2455 294 2494 ign
298 2456 431 2493 oratque
455 2453 652 2491 mysterium.

233 2515 254 2538 D
260 2520 272 2537 ι·
278 2520 291 2537 e
297 2519 313 2537 v
320 2518 359 2540 οε,
375 2510 464 2541 Hymni
478 2510 576 2533 Inediti.
607 2508 641 2532 Π.

864 2315 893 2345 2.
924 2312 982 2344 Cui
1006 2314 1137 2354 angelus
1163 2314 1313 2352 apparuit

921 2359 966 2390 Et
989 2369 1056 2391 rem
1082 2368 1205 2392 sacram
1233 2361 1390 2399 exposuit,

922 2405 1058 2438 Dicens:
1087 2407 1214 2446 puellae
1238 2407 1360 2437 servias

923 2453 1143 2493 Intactamque
1169 2454 1341 2484 custodias.

1271 2507 1305 2534 14
