1653 2637
708 145 967 183 —155-

575 237 651 285 ⁸261.
683 240 726 270 De
744 241 854 273 sancto
876 240 1108 281 Christophoro.

712 317 762 346 Ad
782 318 974 348 Noctuinum.

452 385 483 419 1.
509 385 601 417 Haec
626 386 694 418 dies
712 386 799 426 justo
824 389 959 428 martyri
986 389 1091 420 dicata

509 434 626 465 Annua
650 433 743 465 nobis
768 436 884 476 gaudia
907 438 1102 476 praesentet,

508 481 576 521 Qua
603 481 643 513 de
668 483 804 514 terrenis
829 487 953 524 martyr
978 483 1142 515 absolutus

558 528 736 561 Scanderet
760 533 859 565 astra.

449 586 481 619 2.
508 585 650 617 Trinitas
675 594 798 619 summa
822 589 996 627 martyrem
1020 595 1079 626 pro
1099 587 1194 626 justis

509 632 637 664 Meritis
664 634 762 665 donat
786 635 911 675 gemina
937 643 1063 674 corona,

509 680 547 711 In
573 680 661 719 cujus
686 681 759 712 aula
783 683 904 722 gloriae
929 680 1089 714 ferventes

555 726 679 759 Jubilat
701 728 781 768 ipse,

449 785 480 817 3.
508 784 642 817 Celebre
666 783 782 816 festum
807 785 854 817 tui
877 787 1077 825 peragentes,

506 831 649 863 Maxime
673 834 805 872 martyr,
831 831 923 864 effice
948 833 1101 864 mortales

511 879 622 911 Veteri
647 880 743 911 sorde
769 880 910 913 criminis
935 880 1049 912 relicta

555 926 716 958 Scandere
741 928 859 966 polum.

447 984 481 1015 4.
507 983 591 1015 Filio
617 992 730 1023 magno
755 984 870 1015 summi
894 984 1057 1024 genitoris,

505 1030 646 1062 Flamini
671 1039 761 1062 sacro
786 1030 897 1063 laudes
923 1031 1004 1062 bene
1030 1031 1141 1071 dignas

508 1077 654 1109 Carmine
679 1080 787 1109 votum
811 1087 960 1119 promere
985 1081 1118 1111 conatur

555 1124 693 1165 Spiritus
720 1126 831 1159 omnis,

263 1199 348 1226 Brev.
368 1197 568 1227 Aarhusiense
587 1200 657 1235 imp.
678 1199 842 1228 Aarhusiae
865 1198 948 1228 1519.

577 1329 644 1361 262.
676 1329 720 1361 De
740 1331 847 1362 sancto
872 1329 1101 1370 christophoro.

179 1412 211 1444 1.
237 1411 359 1450 Regem
383 1410 530 1442 coelestis
555 1409 677 1450 gloriae
865 1411 897 1443 4.
923 1410 1046 1442 Mundo
1071 1411 1156 1442 totus
1182 1410 1344 1453 emoritur,

237 1457 387 1490 Laudent
410 1455 505 1489 fiores
532 1457 697 1497 ecclesiae,
926 1457 1087 1490 Christum
1113 1459 1252 1491 vivendo
1277 1458 1431 1499 sequitur,

238 1505 383 1545 Superna
408 1513 542 1545 quorum
566 1505 673 1544 patria
925 1504 1086 1537 Laborum
1111 1505 1234 1537 fructus
1259 1509 1419 1546 aggregat,

238 1553 364 1585 Nitoris
393 1551 496 1593 fulget
520 1553 634 1593 gratia.
923 1553 977 1584 Ad
1004 1553 1109 1585 coelos
1134 1554 1218 1586 liber
1244 1554 1358 1585 evolat.

179 1612 210 1642 2.
240 1611 303 1642 Hic
324 1609 410 1640 inter
434 1608 530 1641 fiores
555 1609 736 1650 praeditum
865 1611 895 1643 5.
922 1610 989 1642 Nos
1016 1618 1090 1650 ergo
1115 1613 1204 1643 tanto
1226 1611 1363 1650 martyli

236 1656 417 1689 Virtutibus
442 1657 709 1697 Christophorum
923 1657 1028 1690 Corde
1052 1660 1085 1688 et
1108 1667 1187 1691 voce
1212 1657 1351 1698 supplici

236 1704 298 1737 Suo
326 1703 470 1736 Christus
496 1705 661 1736 carissimo
917 1705 1046 1737 Laudes
1080 1713 1228 1737 canamus
1255 1705 1390 1745 debitas,

234 1751 437 1785 Inthronizat
460 1751 592 1792 palatio.
920 1752 990 1784 Deo
1016 1751 1155 1785 ferentes
1185 1753 1316 1793 gratias,

175 1812 207 1844 3.
234 1809 294 1849 Qui
319 1807 422 1840 fretus
450 1808 510 1840 Dei
533 1817 665 1841 munere
862 1812 894 1843 6.
922 1809 971 1842 Sit
994 1809 1063 1841 Deo
1087 1818 1205 1850 perpes
1229 1811 1342 1852 gloria,

232 1856 392 1890 Mundum
419 1856 524 1896 coepit
549 1859 752 1899 postponere,
921 1857 978 1889 Cui
1003 1866 1118 1897 magna
1144 1861 1193 1889 est
1216 1858 1372 1898 potentia,

232 1904 373 1937 Militiae
398 1907 472 1943 post
496 1904 655 1945 cingulum
919 1906 981 1938 Per
1007 1913 1100 1945 quem
1124 1905 1226 1937 victor
1249 1905 1392 1946 egregius

231 1952 327 1993 Legis
352 1951 466 1984 dilexit
490 1952 661 1985 vinculum.
916 1952 1075 1984 Mundum
1101 1953 1177 1985 vicit
1202 1952 1460 1993 christophorus,

245 2026 366 2063 Antiph.
392 2035 445 2055 ms.
465 2028 640 2055 Trevirense
665 2036 741 2055 saec.
772 2026 816 2056 15.
859 2027 929 2056 Cod.
951 2028 1048 2063 Capit.
1072 2028 1225 2056 Treviren.
1256 2026 1319 2056 180.
1344 2043 1379 2047 —-
1407 2026 1440 2064 2,
1467 2028 1487 2057 4

168 2066 393 2095 Inthronizavit.
413 2079 452 2085 *—
471 2066 556 2094 Mel.:
577 2066 659 2094 Deus
679 2068 796 2096 tuorum
816 2067 953 2095 militum.

562 2196 628 2228 263.
663 2197 705 2228 De
726 2198 834 2229 sancto
858 2196 1090 2237 Christophoro.

165 2281 197 2315 1.
221 2281 260 2315 In
287 2280 348 2311 hoc
372 2277 455 2312 festo
481 2279 676 2312 laetabundo
853 2281 886 2312 2.
913 2280 977 2313 Ore
1002 2279 1111 2323 verba,
1141 2280 1239 2312 corde
1262 2282 1338 2312 vota

222 2329 287 2361 Ter
311 2327 400 2359 beati
426 2327 649 2368 Christophori
912 2327 1097 2359 Promamus
1121 2328 1241 2368 absque
1265 2328 1401 2367 macula,

222 2376 352 2409 Laudes
374 2375 492 2416 hymno
519 2384 589 2407 cum
612 2374 754 2415 jucundo
911 2375 1128 2409 Decantantes
1154 2385 1218 2408 non
1243 2376 1361 2417 ignota,

220 2424 333 2457 Mente
359 2423 502 2456 dicamus
527 2423 671 2455 memori.
909 2423 996 2462 Quae
1019 2424 1171 2465 patravit,
1194 2424 1359 2456 miracula.
