1653 2637
671 133 901 169 —45-

506 233 536 265 7.
565 233 624 272 Qui
649 241 719 264 cum
742 234 836 274 patre
860 231 1051 270 sempiterno

610 280 700 320 regni
727 282 816 311 tenes
841 279 950 311 solium

565 329 602 360 ln
628 327 752 360 unitate
774 327 907 366 perenni

612 378 706 415 atque
730 377 839 408 sancto
864 374 988 414 spiritu.

224 436 294 464 Cod.
312 436 406 473 Capit,
422 439 567 466 veronen.
590 438 626 468 90
648 448 723 467 saec.
744 438 770 468 9.
791 454 827 458 —-
848 438 874 473 2,
897 439 912 468 1
933 439 1093 467 delitescat.
1115 454 1150 458 —-
1172 436 1198 470 2,
1217 435 1237 464 4
1257 436 1395 464 anxiariS.
1416 450 1453 453 —

141 473 173 504 4.
200 472 219 501 2
245 475 433 504 lacrimarum
460 477 545 504 volis.
572 493 604 497 —
635 476 667 511 4,
694 476 712 506 3
734 479 834 514 Opem.
857 492 895 496 —
923 476 953 512 5,
983 476 999 505 1
1022 478 1127 505 oblata.
1152 491 1185 494 —
1206 474 1235 504 5.
1262 474 1281 501 4
1300 477 1455 511 gratesque

143 513 305 578 ssbsgljtrere.
325 528 363 532 —
385 512 410 548 6,
434 513 447 542 1
471 515 627 544 obstinate,
647 530 684 534 —
706 516 731 549 6,
753 515 770 543 2
784 517 915 544 torculis.
937 530 973 535 --
994 514 1020 549 6,
1041 513 1059 543 3
1073 514 1206 542 molleste
1220 516 1249 540 et
1264 520 1402 540 moerore.
1417 524 1454 528 —

165 573 171 585 ,
245 560 307 579 ene.

564 628 611 659 70.
643 626 759 658 Versus
784 626 820 658 «lo
842 626 1044 659 Poenitentia.

156 696 185 728 1.
213 693 332 728 Anima
356 696 450 727 nimis
474 696 599 738 misera,
834 695 1058 732 10.Kaminus
1083 698 1164 739 ignis
1186 698 1312 740 torridi,

215 741 343 784 Infelix,
366 743 601 780 scelestissima,

217 791 340 822 Probra
364 790 492 831 gessisti
514 792 629 829 omnia,

218 837 390 870 Tormenta
415 839 484 870 lues
509 839 657 878 pessima.

183 919 190 927 .
219 891 316 928 Brevi
341 904 400 935 pro
426 896 503 927 luxu
526 896 644 928 saeculi

218 943 365 975 Plorabis
390 943 422 974 in
447 947 636 983 perpetuum

217 990 414 1031 Frustraque
440 992 479 1023 ab
505 991 568 1023 imo
591 992 730 1032 pectoris

215 1038 301 1070 Altis
328 1047 433 1078 gemes
459 1039 616 1079 suspiriis.

183 1119 189 1125 .
219 1092 426 1135 caloremque
450 1095 605 1127 libidimis

216 1142 424 1175 Luxuriando
449 1141 564 1183 reficis,

218 1189 435 1222 stridentibus
459 1192 493 1223 in
518 1191 633 1223 mediis

215 1236 371 1270 Flammis
396 1239 520 1279 rugitus
546 1238 677 1270 tribues.

183 1320 189 1326 .
217 1292 347 1328 Dedisti
372 1296 464 1335 gulae
487 1304 616 1334 operam

218 1342 407 1375 Saturatura
431 1344 471 1376 ad
500 1344 672 1383 crapulam.

216 1389 426 1430 Serpentibus
453 1390 673 1423 flammivomis

213 1438 373 1470 Rodenda
397 1439 429 1470 in
457 1438 640 1471 visceribus.

159 1499 187 1528 5⁷,
216 1492 371 1537 Elegeras
396 1495 429 1527 in
455 1495 558 1536 gloria

216 1544 307 1575 Vana
331 1543 444 1576 laetari
469 1544 638 1585 modicum,

216 1592 268 1623 Ad
294 1592 392 1623 imum
417 1600 516 1632 usque
541 1590 654 1624 foetidi

214 1639 423 1672 Humilianda
448 1639 602 1673 barathri.

181 1724 186 1728 .
215 1693 389 1730 Fornicata
414 1705 447 1728 es
472 1701 547 1737 post
570 1696 659 1729 idola

215 1743 373 1776 Sectando
400 1744 577 1785 avaritiam,

216 1792 384 1832 Implenda
409 1792 550 1832 plumbo,
576 1792 729 1832 sulphure

217 1840 302 1880 Pice,
329 1839 420 1879 nigro
445 1840 609 1872 bitumine.

182 1926 188 1932 .
217 1893 430 1937 Gaudensque
459 1897 551 1929 malis
576 1897 723 1940 proximi,

214 1945 367 1978 Invideas
393 1945 485 1978 bonis
507 1945 596 1988 socii,

731 1819 739 1834 >

213 1994 333 2026 Amare
357 1993 458 2025 lutum
483 1993 625 2034 nimium,

213 2041 326 2074 Dirum
351 2042 420 2073 lues
442 2041 608 2082 Jutlicium.

176 2126 185 2135 .
211 2097 353 2133 Haesisti
375 2100 461 2131 omni
486 2099 573 2139 vitio,

213 2148 306 2181 Omni
332 2148 429 2188 digna
453 2148 620 2187 supplicio,

210 2196 413 2236 Quapropter
437 2196 507 2228 sine
533 2197 625 2228 venia

210 2244 425 2285 Torqueheris
449 2253 508 2285 per
530 2246 670 2277 saecula.

179 2329 185 2335 .
213 2299 252 2336 In
281 2302 342 2343 die,
370 2304 496 2342 quando
519 2302 637 2334 misera

212 2350 284 2382 Hoc
309 2351 486 2383 absolveris
511 2358 656 2391 corpore,

211 2399 334 2440 Cogita,
361 2407 456 2439 quam
479 2399 642 2430 terribiles

210 2446 285 2478 Tibi
310 2450 478 2479 occurrent
505 2447 684 2480 daemones.

835 898 887 929 11.

837 1097 889 1129 12.

834 1298 887 1330 13.

835 1498 887 1530 14.

833 1700 886 1731 15.

834 1899 886 1932 16.

834 2304 876 2336 18

903 746 930 777 V
933 753 1034 777 ermes
1059 749 1192 777 mortem
1215 745 1379 784 impavidi,

904 792 984 830 Nox,
1016 793 1148 833 grando,
1175 792 1255 833 gem,
1282 793 1408 833 glacies,

905 840 1021 872 Pruina
1044 844 1077 872 te
1102 841 1262 880 suscipiet.

903 894 1030 931 Laudes
1055 897 1130 929 boni
1157 897 1277 929 dabunt
1300 896 1378 932 Deo,

904 944 1044 977 Ardebis
1071 953 1140 975 cum
1167 943 1303 983 diabolo,

902 992 946 1025 Et
972 993 1019 1023 cui
1047 992 1141 1031 culpa
1165 991 1288 1031 similis,

901 1041 1009 1073 Poena
1032 1040 1183 1079 plecteris
1208 1039 1313 1071 simili.

905 1094 1039 1137 Magnus
1065 1097 1126 1128 erit
1151 1097 1279 1136 clangor
1299 1096 1404 1135 tubae,

906 1145 972 1183 Quo
997 1146 1113 1176 mortui
1140 1144 1247 1176 vivent
1271 1145 1385 1186 saeclo,

904 1192 1024 1225 Stolam
1049 1191 1156 1224 binam
1178 1191 1257 1231 justi
1282 1194 1414 1234 sument,

904 1240 1012 1278 Dupla
1036 1244 1137 1271 morte
1162 1243 1197 1271 tu
1220 1239 1335 1279 perie2.

904 1294 1000 1331 Nulla
1027 1297 1089 1328 erit
1113 1297 1161 1328 his
1185 1297 1344 1337 susceptio

903 1344 1021 1377 Salutis
1046 1344 1098 1375 vel
1122 1344 1266 1382 remedii,

903 1394 1008 1426 Janua
1036 1393 1143 1424 clausa
1167 1391 1298 1424 thalami

904 1440 1076 1479 completis
1101 1440 1209 1479 sponsi
1236 1439 1364 1479 nuptiis.

904 1494 929 1531 Ο
956 1506 1049 1536 quam
1073 1495 1187 1528 infelix
1211 1496 1327 1528 anima,

904 1545 1033 1577 Privata
1059 1545 1212 1585 convivio,

903 1594 989 1632 Quae
1014 1593 1099 1625 ultra
1123 1591 1155 1623 in
1181 1592 1362 1624 memoriam

902 1639 973 1672 Non
1003 1642 1182 1672 revertetur
1203 1640 1341 1673 Domini.

903 1696 982 1732 Pete
1006 1697 1075 1730 Deo
1102 1697 1309 1736 clementiam,

901 1746 953 1778 Ex
978 1748 1044 1777 toto
1071 1745 1167 1777 corde
1192 1745 1326 1783 veniam,

904 1792 1101 1834 Fructusque
1125 1793 1340 1832 poenitentiae

902 1840 1023 1880 Dignos
1048 1849 1105 1881 age
1130 1841 1162 1872 in
1189 1849 1331 1880 corpore.

905 1897 1002 1937 Quam
1028 1901 1122 1939 putas
1144 1899 1248 1938 justus
1274 1897 1428 1930 Dominus

902 1946 1007 1986 Digna
1033 1944 1165 1979 donabit,
1187 1946 1316 1978 meritis.

905 1995 939 2027 Si
964 2003 1022 2034 pro
1049 1994 1146 2026 verbo
1171 1994 1276 2026 inutili

904 2043 1082 2075 Vindictam
1112 2043 1167 2074 dat
1188 2041 1326 2082 judicii?

882 2127 888 2133 .
903 2098 1068 2141 Recogita,
1099 2100 1287 2139 miserrima,

904 2152 990 2188 Quae
1017 2148 1109 2190 egisti
1133 2148 1166 2180 in
1191 2149 1315 2181 saecula

902 2197 946 2229 Et
970 2197 1063 2236 plora
1087 2198 1161 2228 ante
1187 2196 1366 2237 Dominum,

904 2245 948 2278 Ut
973 2245 1029 2277 (let,
1052 2244 1315 2278 misericordiam.

905 2300 981 2337 Sola
1007 2305 1056 2334 est
1080 2311 1215 2342 namque
1239 2304 1353 2343 gratia,

903 2351 1000 2390 Lapsi
1028 2360 1089 2391 qua
1114 2351 1218 2382 solent
1241 2360 1382 2391 surgere,

903 2398 973 2438 Qua
996 2399 1196 2441 publicanus,
1222 2399 1384 2440 meretrix,

904 2447 1003 2479 Latro
1029 2447 1172 2479 salvatur
1198 2446 1357 2480 credulus,
