1653 2637
765 144 997 179 -95-

563 236 625 267 149.
657 237 702 268 De
720 236 866 268 Patronis
885 232 1197 267 Emmcramensibus.

233 294 263 327 1.
289 295 352 327 Pro
381 295 575 327 diversorum
600 297 758 328 nominum

292 341 415 374 Sanctis
440 342 603 375 laudemus
627 344 805 383 Dominum,

290 389 408 428 Quibus
430 390 464 420 in
488 390 549 421 hac
573 391 706 423 ecclesia

289 435 454 476 Disposuit
478 437 602 470 cubilia.

232 493 262 526 2.
289 492 352 524 Hic
374 496 530 532 martyres
555 497 628 525 sunt
651 495 743 538 rosei,

289 539 353 571 Hic
376 538 570 572 confessores
596 542 687 580 cerei,

288 587 357 618 Nec
382 587 495 618 desunt
519 588 686 627 virginalia

288 633 455 666 Praesenti
473 634 544 665 loco
566 635 644 666 lilia.

231 691 261 722 3.
288 690 350 721 Hic
372 690 590 722 Emmeramus
616 692 709 731 aries,

288 736 496 779 Wolfgangus
522 739 626 778 gregis
651 739 766 778 paries,

289 784 352 815 Hic
374 787 489 825 pausat
511 785 683 826 Dionysius

287 831 420 864 Hostem
445 832 573 864 vincens
597 833 748 865 Parisius.

910 297 941 330 4.
966 295 1011 328 Hi
1034 295 1187 334 superant
1211 295 1364 334 aromata,

965 342 1099 374 Decoris
1124 341 1178 371 isti
1202 340 1373 380 schemata,

967 388 1114 421 Mirificis
1139 387 1173 419 hi
1196 386 1328 419 floribus

968 436 1147 475 Adspirant
1172 438 1204 466 et
1227 435 1389 468 odoribus,

911 495 940 526 ν.
965 494 1037 526 Jam
1063 494 1213 533 quantum
1237 492 1307 524 Deo
1331 492 1489 531 placeant,

966 540 1043 572 Cum
1069 541 1189 572 cineres
1214 539 1268 570 hic
1288 540 1426 579 jaceant,

967 587 1073 629 Signis
1098 587 1159 618 hoc
1180 587 1247 626 ¹jam
1272 585 1474 618 creberrimis

965 636 1061 668 Patet
1088 636 1119 667 et
1145 634 1371 667 celeberrimis.

934 715 940 721 .
969 692 1051 731 Quos
1077 700 1150 731 ergo
1176 691 1244 723 Deo
1269 691 1427 723 noscimus

967 740 1044 771 Tam
1071 741 1187 780 gratos,
1214 739 1327 770 horum
1352 739 1510 779 poscimus

966 786 1099 819 Absolvi
1123 786 1242 818 sanctis
1267 787 1415 826 precibus

965 835 995 866 A
1020 836 1223 874 peccatorum
1247 832 1399 866 faecibus.

625 891 654 924 7.
678 890 727 922 Sit
750 890 886 922 trinitati
911 891 1020 930 gloria,

678 937 727 969 Sit
749 939 834 977 nato,
860 938 903 969 sit
925 939 1080 978 paraclito

677 986 815 1017 Istorum
842 994 902 1024 pro
927 986 1071 1025 victoria,

678 1031 815 1070 Quorum
840 1033 998 1064 salvemur
1022 1033 1145 1065 merito.

302 1095 386 1122 Brcv.
412 1103 465 1122 ms.
491 1095 728 1124 Emmeramense
752 1104 827 1124 staec.
850 1095 893 1124 15.
935 1098 1006 1125 Clm.
1027 1098 1180 1126 Menacen.
1208 1096 1304 1125 14600
1322 1098 1357 1125 A.
1384 1113 1422 1118 —-
1447 1098 1533 1125 Brev.

226 1140 279 1159 ms.
308 1132 542 1160 Emmeramense
580 1142 650 1162 mec.
683 1133 726 1162 15.
776 1134 849 1161 Clm.
878 1136 1031 1163 Monacen.
1068 1133 1175 1164 14824.
1206 1136 1239 1163 B.
1274 1151 1308 1155 —
1346 1136 1450 1163 Dium.
1480 1144 1534 1163 ms.

227 1169 463 1198 Emmeramcnse
488 1178 562 1198 μειερ..
586 1170 629 1199 15.
670 1171 741 1199 Clm.
762 1173 914 1200 Mcnacen.
938 1172 1042 1201 14664.
1066 1174 1096 1201 C.
1123 1189 1160 1194 ——‹
1185 1174 1290 1201 Dium.
1309 1183 1363 1201 ms.
1384 1174 1534 1202 Emmera-

232 1216 330 1235 mense
350 1216 424 1236 saec.
447 1206 490 1235 14.
531 1209 600 1236 Οοᾶ.
620 1210 714 1237 Palat.
738 1210 861 1238 Vindob.
884 1209 965 1238 1968.
985 1211 1022 1238 D.

563 1291 625 1323 150.
656 1292 700 1323 De
718 1293 864 1324 Patronis
884 1292 1195 1325 Emmcramensibus.

749 1349 798 1378 Ad
817 1349 1007 1380 Nocturnum.

465 1408 496 1441 1.
522 1408 675 1441 Continet
697 1408 812 1441 multos
861 1410 948 1442 sinus
972 1411 1065 1450 hujus
1090 1411 1182 1444 aulae

522 1454 593 1487 Jam
619 1456 691 1495 polo
716 1455 825 1498 fultos,
875 1457 987 1496 quibus
1012 1461 1101 1491 astra
1124 1459 1241 1502 caulae,

525 1502 607 1540 Quos
631 1503 747 1542 probat
772 1504 867 1535 caelis
916 1505 1036 1544 positos
1062 1505 1195 1537 medelis

572 1549 680 1582 Turba
703 1550 817 1583 fidelis.

466 1607 498 1639 2.
525 1606 588 1638 Hic
613 1607 691 1638 cinis
717 1616 847 1647 quorum
898 1608 1015 1648 tegitur
1039 1609 1218 1650 sepulchro,

526 1653 664 1693 Spiritus
687 1655 797 1686 horum
847 1655 935 1687 Deus
959 1656 1030 1695 ipse
1053 1656 1186 1695 pulchro

530 1701 567 1732 In
593 1702 663 1733 sinu
687 1702 824 1743 stringit⁷
875 1701 962 1734 fovet
983 1706 1078 1744 atquc
1104 1703 1202 1744 cingit

572 1748 719 1788 Luccque
748 1749 857 1790 pingit.

465 1805 495 1837 3.
523 1805 609 1845 Ergo
632 1806 698 1845 jani
725 1807 839 1845 cuncti,

893 1807 1005 1847 quibus
1030 1808 1093 1840 ista
1117 1810 1252 1839 vernant

525 1853 668 1895 Templa,
705 1854 863 1892 conjuncti
911 1855 996 1886 mala
1016 1864 1158 1896 quaeque
1182 1856 1314 1896 pellant,

528 1899 694 1941 Cui-rigant
719 1909 832 1941 mores,
882 1911 1013 1941 superos
1040 1903 1169 1934 decores

569 1947 656 1979 Dent
680 1951 712 1980 et
735 1949 880 1982 honores,

306 2012 408 2039 Diurn.
435 2020 486 2039 ms.
516 2012 753 2042 Emmeramense
785 2022 860 2041 saec.
883 2013 926 2041 14.
968 2014 1036 2042 Οοᾶ.
1063 2014 1158 2042 Palat.
1185 2015 1313 2043 vindob.
1340 2015 1420 2045 1965.
1446 2016 1480 2043 A.
1501 2032 1539 2036 -—

232 2049 336 2076 Diui-n.
356 2059 409 2077 ms.
430 2049 665 2078 Emmeramense
689 2060 764 2079 saec.
785 2050 828 2079 15.
870 2052 941 2079 Clm.
956 2053 1107 2080 Monacen.
1128 2050 1234 2080 14664.
1247 2054 1281 2081 Β.
1303 2069 1339 2073 --
1359 2056 1462 2083 Diurn.
1485 2064 1538 2083 ms.

231 2086 466 2115 Emmeramense
486 2096 562 2115 saec.
584 2087 627 2116 15.
671 2089 741 2117 Clm.
764 2089 916 2117 Monacen.
939 2089 1036 2118 14824
1055 2091 1086 2118 O.
1106 2104 1143 2108 —
1163 2088 1189 2124 3,
1212 2089 1227 2118 1
1248 2096 1374 2121 vernant
1393 2093 1475 2121 fehlt.

570 2170 626 2201 151.
657 2170 700 2203 Dc
720 2171 864 2203 Patronis
885 2172 1199 2204 Emmeramensibus.

787 2229 836 2259 Ad
854 2230 980 2260 Laudes.

235 2288 265 2319 1.
293 2288 330 2319 In
356 2290 560 2326 patronorum
583 2290 703 2322 meritis

293 2334 362 2366 Deo
388 2343 535 2366 canamus
558 2336 689 2376 inclitis,

295 2381 373 2414 Cum
400 2382 513 2413 summi
535 2384 619 2423 regis
643 2385 743 2424 gloria

292 2429 341 2463 Sit
369 2429 504 2461 militum
528 2431 672 2466 victoria.

913 2292 945 2324 2.
972 2291 1017 2323 Hi
1040 2290 1133 2323 fidem
1160 2301 1267 2325 veram
1291 2296 1491 2334 praedicant,

972 2338 1100 2371 Virtute
1122 2340 1195 2379 polo
1222 2342 1368 2381 emicant,

975 2386 1018 2417 Hi
1043 2387 1175 2419 violenti
1200 2390 1330 2429 rapiunt

977 2434 1105 2466 erlum
1130 2436 1331 2478 palmamque
1358 2439 1497 2479 capiunt.
