1653 2637
735 118 998 155 -281-

470 216 502 249 2.
528 216 645 248 Annua
673 214 757 249 festa
780 215 903 257 fulgent
926 217 1017 250 nobis
1043 218 1139 262 clara,

532 263 609 296 Cum
634 265 761 296 scandit
786 265 890 297 coelos
915 265 1088 298 Udalricus
1114 267 1228 309 claros,

529 311 642 343 Choris
668 313 814 351 supernis
840 313 980 345 sociatur
1006 313 1084 346 civis

576 357 688 391 Laude
717 360 862 399 perenni.

467 437 499 467 3.
525 434 635 467 Infans
660 436 692 467 in
720 437 808 468 cunis
834 439 884 468 est
907 446 1078 477 suspensus
1104 438 1259 480 mammis,

526 483 621 516 Coelo
646 483 797 524 nutritur,
821 483 948 516 Christo
975 484 1172 524 confovetur,

523 530 581 562 Cui
607 531 716 562 studet
739 532 810 571 ipse
835 532 965 564 sedulus
990 533 1124 565 haerere

572 576 676 610 Corde
701 577 847 618 benigno.

460 655 492 686 4.
519 653 605 686 Hinc
629 653 690 686 Dei
719 654 832 686 dextra
859 664 973 694 corpus
1000 656 1067 695 ejus
1091 656 1212 696 pascha

520 700 634 733 Secum
659 702 808 740 sacravit,
835 711 895 742 quo
921 702 1025 734 reficit
1050 712 1168 744 omnes,

520 750 545 781 Ο
570 757 663 787 quam
689 748 785 789 beati,
814 749 909 790 digne
934 751 987 789 qui
1012 753 1187 790 pascuntur

568 794 711 836 Corpore
745 796 877 831 Christi.

459 872 490 904 5.
517 872 574 911 Te,
601 871 739 911 praesul,
766 872 851 903 servi
876 872 1035 911 poscimus
1060 874 1225 913 prostrati,

519 918 567 951 Ut
590 919 699 959 lapsus
724 919 817 951 nobis
841 920 965 951 veniam
990 921 1144 960 preceris,

517 966 591 998 Tibi
622 970 784 998 consortes
808 965 908 999 facias
932 977 990 999 nos
1018 967 1101 1000 cives

565 1013 670 1046 Aulae
696 1014 852 1047 coelestis,

458 1090 490 1121 6.
517 1089 666 1121 Praestet
690 1089 751 1121 hoc
775 1089 867 1121 nobis
894 1090 997 1122 deitas
1022 1090 1118 1122 beat-a

518 1136 625 1168 Patris
651 1145 689 1168 ac
712 1137 781 1169 nati
806 1138 990 1177 pariterque
1016 1139 1118 1169 sancti

519 1183 669 1226 Spiritus,
698 1185 787 1224 cujus
812 1185 924 1216 reboat
948 1184 979 1216 in
1007 1186 1092 1217 omni

567 1230 678 1264 Gloria
703 1232 830 1266 mundo.

267 1325 351 1353 Brev.
382 1333 437 1353 ms.
466 1333 541 1353 saec.
572 1323 615 1352 15.
666 1325 734 1352 Cod.
764 1325 931 1362 Sangallen.
957 1325 1024 1355 415.
1048 1326 1083 1354 A.
1110 1340 1146 1345 —
1174 1326 1259 1354 Brev.
1288 1327 1511 1355 Constantiense

189 1372 268 1428 {1¹32}
278 1363 440 1437 &otgit
460 1361 614 1430 {detrabe
629 1362 893 1429 {affiessffluifi
912 1362 1164 1436 2‚1⁷2301⁵23ssus⁶²¹i¹.
1176 1364 1512 1438 ὟἘΪἙΠΞΗΞΪΞῨΞἭἾ

189 1439 306 1467 civibus
326 1439 361 1466 A.
391 1454 426 1458 —-
451 1438 482 1473 2,
507 1439 528 1468 4
547 1439 650 1468 Laude
669 1440 727 1467 Dei
746 1442 876 1476 perenni.
897 1454 934 1458 —
954 1438 986 1473 3,
1008 1439 1023 1468 1
1052 1441 1135 1468 cunis
1158 1448 1316 1476 suspensus
1338 1449 1357 1468 a
1375 1442 1509 1468 mammis

188 1477 224 1505 A.
244 1491 283 1496 —
303 1475 330 1511 3,
352 1475 370 1504 2
385 1478 516 1506 Coelitus
530 1479 568 1512 B;
589 1478 726 1506 Movetur
746 1478 828 1505 coelo
848 1478 994 1506 nutritore
1010 1478 1126 1506 Christo
1146 1480 1192 1506 cui
1212 1480 1411 1506 commovetur
1424 1480 1458 1506 A.
1474 1493 1512 1497 —-

188 1513 223 1549 3,
249 1512 267 1543 3
293 1516 335 1543 Et
360 1516 459 1543 studet
484 1516 604 1544 sedulus
624 1517 659 1544 A.
748 1514 782 1549 4,
814 1513 828 1542 1
850 1516 969 1544 dextera
990 1525 1094 1551 corpus
1115 1516 1178 1551 ejus
1199 1517 1298 1552 tetigit
1316 1517 1351 1544 A.
1371 1531 1410 1535 ——
1428 1515 1462 1552 4,
1491 1514 1510 1543 2

187 1554 266 1581 Dum
293 1555 325 1581 in
354 1554 442 1582 altari
466 1555 595 1582 sacravit
614 1554 710 1582 reficit
729 1555 780 1591 qui
801 1562 901 1581 omnes
921 1554 956 1581 A.
979 1570 1014 1574 —
1035 1554 1062 1587 4,
1084 1552 1102 1583 3
1123 1555 1174 1590 qui
1194 1554 1282 1590 digne
1302 1556 1346 1581 sic
1365 1556 1447 1590 pasci
1468 1556 1509 1586 B;

189 1592 269 1626 Quos
289 1593 391 1620 beavit
410 1593 498 1628 digne
522 1594 573 1629 qui
592 1595 753 1628 pascuntur
766 1592 800 1619 A.
821 1606 859 1611 ——
879 1590 905 1626 5,
930 1591 944 1619 1
965 1594 1107 1629 prostrati
1128 1592 1201 1620 fehlt
1214 1593 1249 1619 A.
1269 1608 1308 1613 —
1328 1592 1355 1628 ὗ,
1375 1590 1393 1619 2
1407 1594 1509 1629 Lapsa

187 1630 304 1658 relaxas
330 1631 448 1659 veniam
472 1640 542 1666 prae
564 1633 669 1658 ceteris
689 1631 723 1658 A.
747 1646 783 1650 —
804 1628 834 1662 5,
861 1628 879 1658 3
900 1630 971 1659 Tuis
994 1632 1112 1659 famulis
1133 1639 1200 1658 cum
1220 1631 1328 1667 quihus
1348 1633 1427 1659 tutus
1449 1632 1507 1659 en's

186 1669 222 1696 A.
242 1682 280 1686 —-
303 1667 330 1702 5,
351 1666 371 1695 4
384 1669 462 1697 Aula
482 1669 592 1696 civium
612 1677 802 1705 supernorum
817 1669 853 1697 A.
867 1685 905 1689 —
923 1667 948 1703 6,
972 1668 987 1697 1
1001 1670 1137 1697 Praestat
1149 1669 1183 1695 A.
1197 1683 1234 1688 -—
1249 1667 1276 1702 6,
1297 1667 1315 1696 2
1328 1670 1506 1705 pneumatis-

188 1715 245 1743 que
265 1708 361 1734 sancti
381 1708 415 1734 A.
436 1722 474 1727 —
495 1704 521 1741 6,
543 1705 560 1735 3
585 1706 674 1742 Cujus
694 1708 804 1735 virtute
824 1707 979 1735 roboratur
998 1707 1034 1734 A.

625 1876 695 1907 499.
724 1876 769 1907 De
789 1876 897 1907 sancto
919 1876 1075 1907 Udalrico.

748 1961 798 1992 Ad
816 1961 945 1992 Laudes.

186 2045 217 2078 1.
244 2045 350 2077 Adest
376 2042 445 2076 dies
470 2042 701 2082 sanctissimus,
878 2044 909 2076 3.
936 2042 1001 2075 Hic
1025 2042 1155 2082 praesul
1181 2041 1300 2076 Christi
1326 2041 1445 2074 nobilis

243 2093 374 2125 Virtute
403 2100 497 2124 sacra
521 2091 721 2132 splendidus,
935 2091 999 2124 Pro
1024 2090 1204 2122 sanctitatis
1228 2090 1362 2129 meritis,

243 2140 419 2173 Udalricus
445 2148 508 2180 qua
531 2138 661 2172 sedibus
935 2139 1010 2179 Quis
1035 2138 1127 2170 illum
1153 2140 1365 2171 exornaverat

243 2189 386 2221 Locatur
409 2189 443 2220 in
470 2186 671 2220 coelestibus.
934 2186 1089 2221 eoelestis
1115 2186 1206 2226 regni
1230 2186 1343 2226 gratia.

185 2267 216 2299 2.
244 2265 373 2298 Virtute
397 2265 523 2306 fulgens
547 2264 648 2297 nobili
875 2265 907 2297 4.
933 2263 1068 2304 Adesto,
1095 2262 1227 2303 praesul
1250 2262 1372 2304 inclite,

244 2313 381 2354 Vigiliis,
405 2314 537 2354 Jejuniis
933 2311 1113 2351 Precesque
1136 2313 1263 2343 nostras
1289 2310 1416 2349 suscipe

243 2361 405 2394 Domabat
430 2370 546 2403 corpus
568 2360 707 2400 juvenis,
936 2358 1086 2398 Offerque
1111 2367 1233 2390 summo
1257 2356 1400 2397 praesuli

243 2408 295 2441 Ne
317 2407 505 2442 foedaretur
530 2408 627 2442 vitiis.
934 2406 1060 2440 Devota
1084 2409 1159 2438 vota
1182 2405 1305 2447 populi.
