1653 2637
745 161 788 168 --
839 139 907 174 205
956 158 1004 164 -—

558 232 625 263 350.
654 232 690 264 ln
709 231 924 264 Decollatione
945 241 968 263 s.
990 231 1140 264 Johannis
1160 232 1193 263 B.

217 302 247 334 1.
276 302 396 342 Gaude,
424 300 530 334 fidelis
557 302 676 342 concio,
902 305 933 336 3.
961 303 1115 336 Saltantis·
1141 303 1182 334 ad
1206 303 1392 335 instantiam

273 349 311 380 In
336 352 369 381 te
395 352 537 381 tractans
562 350 722 390 magnalia
961 352 1091 384 Puellae
1113 351 1218 390 justus
1243 351 1399 391 caeditur,

272 396 440 436 Baptistae
467 397 507 429 de
531 398 699 440 supplicio,
962 399 1098 432 Virtutis
1123 399 1163 430 ob
1191 399 1402 431 constantiam

272 444 360 484 Quae
383 445 499 477 recolit
525 446 670 479 ecclesia.
962 447 1097 488 Sanguis
1123 450 1266 479 sacratus
1291 446 1446 480 funditur.

214 502 245 535 2.
273 501 372 534 Verbi
400 502 500 535 divini
525 501 641 543 facula,
904 505 937 538 4.
962 505 1043 544 Ejus
1066 506 1161 544 caput
1186 504 1228 536 ad
1255 505 1364 544 epulas

274 549 410 593 Lucens,
441 550 559 583 ardens
584 560 663 590 prae
688 551 844 594 omnihus,
964 552 1114 584 Delatum
1140 551 1235 584 datur
1260 551 1407 589 feminae,

275 597 378 630 Saeva
405 599 499 630 datur
523 599 566 631 ad
591 599 719 631 vincula
966 600 1026 640 Qui
1054 607 1139 632 nunc
1162 600 1246 631 inter
1270 600 1437 631 coelicolas

275 645 390 677 'Pornis
416 645 455 678 ab
480 645 662 679 infamibus.
962 647 1085 679 Laudis
1109 646 1292 688 praefulget
1316 648 1443 680 lumine.

607 706 636 738 5.
664 704 759 748 Laus,
786 704 889 736 honor
914 708 944 736 et
968 705 1138 745 imperium

662 752 731 784 Deo
757 752 800 784 sit
823 753 1039 793 aeternaliter,

662 800 722 840 Qui
746 808 818 832 suos
842 809 902 839 per
925 800 1111 840 martyrium

666 847 806 880 Coronat
829 848 1061 888 multipliciter.

294 912 378 940 Brcv.
406 921 459 940 ms.
482 912 707 941 Constantiense
731 921 807 941 saec.
829 911 874 940 15.
916 914 985 941 Grd.
1005 914 1166 941 Eremiten.
1194 911 1240 940 80.
1268 928 1305 931 —
1331 911 1363 946 2,
1390 912 1410 940 4
1428 914 1533 941 Pei-nis

218 951 254 977 ab
276 950 404 978 infantia
428 951 489 984 Hs3
509 951 604 979 Morel
624 952 643 979 1.
665 961 688 979 c.
709 951 835 980 Perinde
856 952 891 979 ab
913 952 1046 979 infantia.
1082 950 1155 978 Dass
1178 951 1228 978 der
1248 952 1322 979 Vena
1343 952 1466 988 korrupt
1485 953 1532 984 ist,

216 989 339 1016 beweist
359 989 410 1016 das
435 989 545 1017 Fehlen
566 991 646 1017 einer
666 990 756 1023 Sillae,
778 989 828 1016 des
848 990 965 1018 Reimes
985 991 1045 1018 und
1066 990 1116 1017 des
1130 988 1246 1016 Sinms.
1280 990 1391 1016 Beiden
1410 990 1533 1017 letztern

215 1026 357 1063 Miingeln
377 1026 449 1054 wird
471 1027 654 1062 abgeholfen,
675 1036 761 1055 wenn
779 1029 834 1054 wir
856 1027 945 1061 lesen,
966 1029 1022 1056 wie
1042 1030 1080 1055 im
1095 1028 1178 1056 Text.
1211 1027 1250 1054 Es
1274 1027 1368 1055 bleibt
1387 1028 1464 1055 (laun
1478 1036 1534 1054 nur

215 1064 337 1100 Mangel
358 1073 396 1092 an
417 1066 496 1093 einer
517 1065 614 1099 silbe,
643 1067 693 1094 der
712 1065 856 1102 wegfiele,
884 1075 969 1093 wenn
990 1067 1107 1103 gele-‘ten
1126 1065 1226 1092 werde
1246 1065 1349 1100 pti-nia
1371 1066 1440 1093 oder
1460 1065 1535 1092 auch

216 1104 347 1138 porniae.
377 1104 420 1131 Es
442 1104 596 1131 entstfinde
615 1105 698 1132 indes
719 1103 849 1131 daduroh
869 1105 916 1131 ein
930 1105 1048 1138 Hiatus,
1068 1112 1127 1131 von
1146 1103 1210 1130 dem
1230 1103 1282 1131 der
1295 1104 1431 1139 Hymnus
1451 1106 1535 1130 sonst

214 1140 286 1168 kein
305 1141 437 1177 Beispiel
458 1142 556 1169 bietet.

583 1253 645 1285 351.
675 1254 719 1285 De
738 1262 763 1285 s.
786 1252 926 1284 Johanne
948 1253 1171 1292 Chrysostomo.

220 1331 251 1364 1.
279 1332 400 1371 Quem
450 1337 593 1373 terra,
651 1336 824 1374 pontUS,
912 1335 942 1365 5.
969 1333 1208 1365 Benedicta
1233 1333 1344 1364 coeli
1368 1332 1519 1364 nuntio

621 1382 816 1418 aethera,
968 1381 1169 1412 Antiochena
1193 1380 1299 1419 genito

278 1428 357 1460 Alta
381 1428 525 1468 polorum
549 1429 658 1461 sidera
967 1428 1114 1461 ,Iohanne
1138 1427 1240 1466 stirpe
1264 1427 1374 1467 nobili,

281 1474 406 1515 Colunt,
434 1478 552 1515 pavent
577 1479 614 1507 ut
638 1476 819 1515 Dominum,
964 1475 1089 1507 Exortu
1115 1474 1308 1506 admirabili.

278 1522 373 1555 00010
399 1523 489 1563 pegst
514 1524 785 1564 CthSOStomum·
908 1534 939 1565 6.
968 1532 991 1564 O
1018 1531 1214 1572 gloriosa
1241 1531 1428 1562 domina.

217 1581 248 1612 2.
277 1579 353 1612 Cui
378 1581 495 1620 luna,
522 1581 588 1612 sol
612 1583 649 1612 et
675 1580 811 1613 omnia
967 1579 1168 1612 Constantini
1191 1587 1250 1618 per
1276 1578 1382 1610 omnia

275 1627 428 1668 Subjecta
450 1629 638 1660 transitoria
965 1627 1071 1660 Fuisti
1097 1626 1174 1659 urbs
1199 1626 1326 1667 egregia

276 1675 417 1708 Johanni
442 1679 517 1707 sunt
541 1679 574 1707 ut
601 1677 716 1717 scoria,
967 1676 1109 1707 Pastoris
1134 1675 1165 1706 in
1192 1674 1384 1714 praesentia.

279 1724 364 1755 Dum
385 1724 505 1763 jubilat
527 1724 561 1755 in
583 1725 695 1764 gloria·
908 1734 938 1765 7.
967 1733 1081 1772 Quod
1126 1732 1213 1764 Eva
1266 1732 1417 1763 tristis
1466 1730 1535 1762 ab·

218 1782 248 1813 3.
275 1780 493 1813 Mirantur
518 1790 616 1821 ergo
643 1782 835 1820 saecula,
1307 1780 1452 1818 stulit‚

277 1828 367 1867 Quod
394 1828 556 1861 :Iohannes
582 1829 613 1860 in
640 1830 772 1869 specula
967 1829 1089 1860 Bonum
1119 1827 1280 1859 Johannes
1308 1827 1451 1865 contulit,

279 1876 348 1908 Poli
372 1876 500 1908 innixus
526 1877 631 1908 stadio
965 1877 1130 1916 Augustae
1155 1876 1207 1915 qui
1233 1875 1358 1907 invidia

276 1925 397 1966 Magno
421 1924 543 1965 potitur
568 1924 692 1960 bravio.
966 1923 1017 1955 De
1042 1925 1120 1956 sede
1143 1923 1256 1963 pulsus
1279 1923 1423 1963 propria.

217 1984 249 2016 4.
276 1982 409 2015 Beata
436 1984 570 2015 mater
594 1992 766 2015 munere
909 1983 939 2017 8.
966 1982 1024 2014 Tu
1050 1981 1168 2022 regis
1195 1981 1276 2012 alti
1298 1981 1431 2021 janua

275 2031 433 2072 Ecclesia,
461 2039 542 2070 quae
571 2032 718 2072 dogmate
967 2030 1034 2062 Fac
1057 2029 1182 2062 miseris
1208 2029 1250 2060 sit
1274 2029 1396 2070 patula,

274 2079 432 2113 ,Iohannis
458 2078 570 2123 clares,
598 2080 741 2121 glosulis,
966 2078 1013 2110 Te
1039 2079 1249 2119 deprecamur
1274 2077 1380 2116 hodie,

275 2127 531 2160 Commentorum
557 2128 727 2168 opusculis.
966 2127 1099 2159 P1aesul
1125 2126 1288 2159 Johannes
1313 2126 1434 2159 inclite.

562 2196 593 2228 9.
622 2194 775 2228 Gloria
799 2195 898 2235 tibi,
926 2195 1119 2238 Domine,

616 2244 704 2276 Deus
728 2245 762 2276 in
787 2244 871 2276 trino
897 2244 1035 2284 nomine,

618 2292 678 2332 Qui
703 2292 860 2325 Johannis
885 2292 1069 2331 precamine

619 2340 687 2372 Nos
712 2341 816 2372 salves
841 2340 875 2370 in
901 2340 1055 2371 examine.

294 2405 377 2432 Brev.
405 2413 458 2432 ms.
485 2405 626 2433 Guriense
652 2414 728 2433 saec.
751 2404 795 2433 15.
837 2403 906 2431 Cod.
934 2405 1021 2432 Arch.
1052 2404 1220 2440 Sangallen.
1240 2404 1396 2432 Fabarien.
1423 2404 1475 2431 IX.
1504 2416 1541 2420 -—

216 2444 243 2481 8,
267 2443 281 2473 1
304 2444 358 2472 alti
379 2450 484 2481 genua.
507 2458 540 2462 —
564 2444 664 2480 Vei-gl.
686 2444 738 2471 das
758 2444 860 2471 weiter
881 2443 957 2471 oben
976 2452 1014 2471 zu
1034 2443 1085 2471 Nr.
1100 2440 1155 2471 341
1177 2442 1342 2469 Bemerkte.
