1653 2637
785 130 1017 165 -48-

471 226 526 259 12.
552 227 631 259 Esto
657 227 796 258 salvator
820 227 912 258 simul
938 229 968 257 et
993 226 1133 267 ducator,

548 274 599 306 Sis
623 274 816 314 gubernator
839 274 925 306 velut
951 282 983 304 es
1009 275 1141 315 creator,

548 321 597 353 Sis
623 321 836 361 triumphator
859 321 937 353 mihi
962 320 1030 353 sive
1055 319 1156 353 victor

593 369 638 401 Et
660 371 837 408 superator.

326 432 394 460 Cod-
415 432 540 461 Par-isin.
560 432 608 467 (ol.
623 434 801 465 Martiale-n.)
822 432 896 461 1154
914 441 990 460 saec.
1014 431 1056 460 10.
1077 447 1114 453 ἡ
1134 433 1305 461 Aufschrist:
1326 433 1436 459 Versus
1456 432 1550 466 cujus-

248 470 324 498 dam.
347 486 382 490 —-
403 469 430 502 4,
457 470 474 498 2
494 473 639 510 uniusque
659 473 766 501 tritam.
790 485 816 490 -
848 470 891 506 11,
914 471 929 498 1
950 471 1020 500 Lies
1041 470 1089 499 Sis
1108 472 1181 501 mihi
1200 472 1315 499 fautor?

662 596 707 627 73.
740 596 784 627 De
804 595 907 626 eodem
928 594 1129 635 Argumento.

699 665 733 691 ΒΕ
758 664 782 692 Ο
801 665 891 698 Deus,
915 665 1059 697 miserere,

754 703 895 730 Miserere
914 704 1000 736 servi,

754 741 829 774 Heu,
851 741 921 776 quid
942 742 1037 768 evenit
1056 739 1144 768 mihi!

251 808 283 840 1.
312 806 363 839 Ex
389 816 448 846 quo
474 809 554 840 enim
579 817 630 839 me
646 809 769 848 jussisti

353 854 446 886 Hunc
469 856 500 887 in
526 856 676 888 mundum
700 857 797 899 nasci,

309 902 392 934 Prae
418 903 537 935 cunctis
563 912 618 943 ego
643 904 746 935 amavi

354 948 492 982 Caritate
514 951 615 990 pasci.

250 1017 280 1047 2.
308 1015 357 1047 Tu
381 1024 441 1056 me,
466 1017 611 1058 Domine,
637 1016 752 1058 fecisti,

352 1062 397 1095 Ut
420 1065 569 1096 servirem
595 1065 664 1104 tibi,

305 1110 374 1150 Ego
399 1112 496 1143 miser
521 1115 554 1143 te
579 1112 682 1144 dimisi

352 1157 395 1189 Et
419 1159 512 1199 longe
536 1159 630 1193 abivi.

249 1225 280 1256 3.
307 1223 334 1255 T
338 1233 356 1254 u
381 1233 431 1256 me
455 1234 577 1266 quoque
601 1226 763 1258 redemisti

353 1272 402 1303 De
422 1273 498 1313 jugo
523 1273 642 1313 servili,

305 1318 348 1350 Et
374 1327 429 1359 ego
454 1323 486 1351 te
510 1329 571 1352 non
597 1321 709 1360 agnovi

355 1365 423 1397 Nec
446 1367 487 1399 ad
512 1370 544 1399 te
571 1368 683 1400 redivi.

248 1433 280 1465 4.
306 1431 470 1474 Mandata,
496 1443 576 1473 quae
600 1435 801 1477 praecepisti,

354 1480 437 1511 Proh
465 1481 564 1524 dolor,
592 1482 715 1522 reliqui,

307 1525 425 1559 Fateor
449 1537 526 1560 voce
549 1529 686 1570 lugubri,

353 1574 491 1607 Nimium
518 1576 646 1616 deliqui.

250 1641 281 1673 5,
304 1640 429 1672 Almam
457 1642 569 1682 legem,
595 1652 686 1682 qnam
711 1644 836 1681 dedisti,

353 1687 497 1729 Denique
518 1690 643 1730 neglexi

305 1734 350 1766 Et
372 1735 439 1777 illa,
466 1746 546 1777 quae
569 1739 707 1780 vetuisti,

351 1783 456 1816 Avide
483 1785 588 1819 dilexi.

247 1849 277 1882 6.
306 1848 427 1883 Cuncta
452 1851 533 1883 bona
557 1854 727 1892 praeterivi

351 1897 466 1930 Animo
492 1899 604 1931 libenti

305 1944 355 1975 Ac
378 1947 477 1978 multa
501 1947 586 1979 mala
609 1949 717 1988 peregi

354 1992 487 2025 Pectore
510 1993 655 2028 ferventi.

248 2059 277 2090 7.
305 2058 492 2097 Voluptates
516 2069 578 2092 non
605 2061 720 2102 dimisi,

354 2105 414 2137 Sed
442 2107 491 2138 his
516 2117 567 2139 me
591 2109 700 2140 addixi

309 2153 352 2184 Et
377 2154 472 2186 totius
496 2164 547 2186 me
571 2157 693 2195 peccati

356 2200 497 2233 Vinculis
525 2203 660 2235 devinxi.

250 2268 280 2301 8.
308 2267 393 2299 Iram
421 2270 504 2300 tuam
529 2271 699 2309 provocavi

356 2315 494 2347 Crimine
518 2316 677 2357 frequenti

308 2362 447 2402 Ideoque
474 2366 506 2395 te
532 2364 647 2398 offendi

356 2409 481 2444 Offensa
503 2412 634 2456 ingenti,

953 811 983 842 9.
999 808 1061 840 Sed
1088 809 1163 849 quid
1188 809 1282 848 plura
1307 808 1411 839 dicam
1435 806 1504 845 tibi,

1048 856 1071 889 O
1095 857 1151 896 pia
1172 857 1226 888 lux
1252 854 1373 887 saecli?

998 903 1088 935 Mala
1112 912 1244 944 quoque,
1271 911 1351 943 quae
1375 901 1516 942 permisi,

1046 950 1167 983 Cuncta
1187 951 1283 982 miser
1307 949 1379 982 feci.

932 1018 1087 1058 10.Ergo
1113 1019 1178 1058 ‚iam
1204 1025 1334 1048 sucurre
1356 1014 1454 1054 flenti,

1043 1065 1187 1104 Domine,
1216 1064 1322 1096 clienti

997 1112 1126 1145 Scelera
1150 1112 1210 1144 tibi
1232 1110 1355 1152 fatenti,

1044 1161 1177 1192 Veniam
1201 1159 1331 1201 petenti.

928 1228 981 1260 11.
997 1226 1085 1258 Affer
1113 1235 1204 1266 opem
1226 1224 1382 1265 indigenti

1047 1273 1117 1306 Jam
1140 1282 1233 1305 manu
1257 1271 1413 1310 clementi,

999 1321 1140 1353 Vulnera
1164 1329 1244 1361 quae
1270 1320 1324 1352 det
1348 1319 1462 1358 egenti,

1043 1368 1177 1401 Medere
1201 1366 1372 1408 languenti.

929 1437 982 1468 12.
998 1435 1135 1467 Subveni
1165 1438 1197 1466 te
1220 1433 1379 1466 invocanti

1043 1482 1088 1514 Et
1110 1484 1143 1515 in
1168 1486 1201 1514 te
1225 1481 1379 1522 speranti,

996 1530 1150 1563 Dextram
1176 1531 1225 1570 da,
1261 1537 1352 1569 quem
1377 1527 1551 1567 redemisti,

1047 1577 1117 1610 Jam
1143 1576 1348 1618 periclitanti.

928 1646 981 1678 13.
996 1646 1125 1677 Interea
1145 1652 1252 1676 omnes
1276 1642 1388 1681 sancti,

1046 1691 1244 1724 Cohaeredes
1268 1690 1396 1732 Christi,

997 1740 1138 1772 Exorate
1162 1748 1258 1779 prece
1284 1738 1368 1770 dulci

1042 1788 1106 1820 Pro
1131 1796 1182 1819 me
1206 1785 1337 1818 infelici.

929 1855 983 1888 14.
997 1854 1093 1886 Alma
1116 1858 1151 1886 tu
1173 1854 1289 1891 Maria,
1315 1853 1362 1884 tui

1044 1902 1142 1942 Virgo
1166 1905 1268 1933 mater
1288 1900 1359 1939 Dei,

1000 1950 1187 1982 Interventu
1212 1957 1295 1980 nunc
1314 1947 1435 1979 salubri

1044 1996 1169 2028 Memor
1195 1999 1261 2028 esto
1286 1995 1359 2028 mei.

930 2062 985 2094 15.
999 2063 1116 2094 Sancte
1138 2062 1289 2102 Michael,
1312 2061 1430 2101 insigni

1046 2109 1230 2151 Supplicato
1255 2110 1332 2153 regi,

995 2156 1221 2199 Deprecamur,
1247 2160 1341 2197 atque
1367 2156 1472 2187 cuncti

1048 2205 1243 2246 Angelorum
1270 2204 1366 2236 chori.

935 2272 987 2304 16.
1004 2270 1150 2313 Claviger
1173 2280 1296 2312 quoque
1320 2270 1487 2312 praecelsi,

1050 2318 1165 2351 Sancte
1189 2321 1294 2361 Petre,
1321 2319 1421 2358 regui,

1005 2366 1113 2399 Socios
1137 2368 1314 2408 adjungens
1338 2366 1397 2398 tibi

1050 2414 1165 2447 Preces
1194 2414 1294 2447 funde
1317 2414 1412 2454 patri.
