1653 2637
756 160 802 168 -
853 139 921 178 167
972 161 1017 167 --

454 241 486 273 3.
513 238 577 272 Hic
599 238 747 272 Elisaeus
772 240 861 281 virgo
884 240 978 280 plene
1002 248 1203 280 permanens,

514 288 603 320 Coeli
626 288 730 320 beatis
755 291 946 328 coaequatur
970 288 1101 328 angelis,

514 336 574 375 Qui
597 345 715 376 pravos
742 336 847 368 carnis
871 339 975 368 motus
998 336 1087 370 novit
1111 345 1258 376 premere

512 383 558 416 Et
581 386 720 415 mentem
744 393 858 424 puram
884 383 1011 416 Christo
1036 384 1130 416 scivit
1155 393 1277 425 gerere.

457 443 489 474 4.
515 441 580 474 Hic
605 442 655 473 vir
680 441 859 481 exemplum
887 441 977 473 dedit
1000 440 1267 480 mendicantibus,

517 489 711 529 Prophetam
735 498 884 528 magnum
910 489 983 520 dum
1007 488 1114 520 Eliam
1136 489 1281 529 sequitur

519 536 642 568 Relicto
667 538 762 576 patre
786 539 881 576 atque
906 535 1016 567 mundi
1041 535 1195 579 sentibus,

519 584 683 616 Associari
708 586 822 624 optans
848 584 929 616 coeli
955 582 1089 616 civibus.

460 643 491 674 5.
518 640 672 680 Regulam
697 640 751 672 hic
774 640 825 672 vir
851 640 940 671 dedit
965 639 1233 681 praesidentibus,

520 687 570 719 Ne
595 687 656 720 Dei
685 688 768 720 dona
789 688 967 720 venderent
990 686 1184 727 muneribus,

519 735 663 767 Naaman
688 735 803 775 Syrum
831 735 905 766 dum
929 735 1097 766 mundavit
1118 736 1244 775 plenius

519 783 550 814 A
576 783 668 822 lepra
692 783 759 822 ers
784 783 939 814 recusatis
964 782 1089 821 opibus,

462 841 493 872 6.
519 839 584 873 Uni
615 839 763 879 trinoque
787 838 924 871 Domino
949 839 991 870 sit
1016 838 1127 879 gloria,

517 886 640 926 Honor,
674 889 816 926 potest-as
841 889 937 927 atque
959 885 1118 927 jubilatio,

520 934 580 973 Qui
604 934 726 966 Elisaei
756 934 820 967 viri
845 934 949 965 sancti
973 933 1088 964 merita

520 981 602 1013 Late
626 982 769 1013 declarat
791 982 897 1013 omnia
920 990 979 1021 per
1005 980 1143 1015 saecula.

308 1067 394 1094 Brev.
421 1075 474 1094 ms.
502 1066 629 1094 Carmeli
654 1066 845 1100 Bambergen.
876 1067 947 1092 anni
973 1063 1054 1092 1464.
1100 1064 1168 1093 Cod.
1196 1066 1388 1102 Bambergen.
1420 1065 1468 1092 Ed
1491 1065 1551 1092 VH

232 1102 278 1133 36.
299 1104 334 1132 A.
359 1119 396 1123 —
424 1105 508 1132 Brev.
538 1113 591 1131 ms.
619 1104 746 1131 Carmeli
771 1102 963 1139 Bambergen.
991 1103 1062 1130 anni
1083 1101 1164 1131 1467.
1207 1103 1275 1131 Cod.
1302 1104 1484 1139 Bambergtzn
1505 1103 1552 1130 Ed

231 1143 291 1170 VH
317 1141 362 1170 25.
384 1146 416 1170 Β.
442 1158 480 1162 —
505 1142 590 1169 Psalt
618 1150 670 1169 ms.
692 1141 819 1169 Carmeli
838 1141 1051 1169 Heilbronnen.
1072 1148 1148 1168 saec.
1172 1139 1215 1168 15.
1256 1140 1324 1169 Οο(1.
1347 1141 1550 1176 Stuttgarticn.

235 1179 277 1208 1b
306 1179 342 1208 95
362 1180 448 1214 (Ful.)
469 1179 498 1207 C.
521 1194 557 1198 --
577 1180 681 1207 Dium.
710 1188 763 1206 ms.
785 1178 1007 1206 Carmelitarum
1029 1187 1103 1206 saec.
1127 1178 1171 1207 15.
1212 1179 1282 1207 Cod.
1303 1180 1484 1206 Avenionen.
1507 1176 1541 1206 6?

231 1219 269 1246 D.
297 1235 335 1238 —
361 1219 443 1246 Brev.
471 1217 695 1245 Carmelitarum
721 1218 791 1253 imp.
821 1217 954 1245 Venetiis
983 1215 1064 1244 1515.
1089 1216 1126 1244 E.
1153 1232 1190 1235 —
1215 1218 1298 1245 Brev.
1329 1217 1552 1245 Carmelitarum

233 1258 303 1292 imp.
324 1257 459 1284 Venetiis
481 1253 564 1283 1579.
585 1256 617 1283 F.
638 1272 675 1276 —
698 1253 727 1288 1,
749 1253 767 1282 2
792 1255 878 1291 plene
897 1257 993 1291 possit
1011 1254 1108 1282 dicere
1127 1255 1161 1282 A.
1181 1271 1219 1275 —
1240 1253 1265 1289 2,
1288 1253 1305 1281 2
1326 1255 1426 1282 divino
1447 1255 1552 1290 plenus

233 1294 322 1323 DEF.
350 1310 388 1314 —-
414 1291 445 1328 3,
479 1292 493 1321 1
515 1294 575 1321 Hic
601 1294 675 1321 fehlt
700 1293 741 1327 E3
771 1294 863 1321 Porro
888 1293 1027 1320 Elisaeus
1053 1293 1086 1320 F.
1116 1307 1152 1312 -
1176 1291 1208 1327 3,
1240 1291 1257 1319 2
1279 1293 1376 1320 Coelis
1398 1294 1491 1320 beatis
1511 1293 1550 1327 A;

231 1333 333 1360 Beatis
360 1332 435 1360 coeli
453 1332 513 1360 EF.
543 1346 580 1350 —
606 1329 639 1367 3,
670 1329 688 1359 3
714 1333 811 1359 carnis
835 1331 909 1358 fehlt
926 1331 967 1366 A3
995 1331 1084 1358 seivit
1105 1340 1235 1366 premere
1255 1332 1287 1358 F.
1309 1346 1345 1350 —-
1366 1329 1396 1365 3,
1421 1329 1442 1358 4
1468 1332 1553 1358 vovit

232 1379 334 1406 gerere
353 1371 385 1398 F.
407 1384 445 1389 —
466 1369 523 1397 Str.
549 1367 567 1397 5
587 1370 662 1397 fehlt
680 1370 712 1398 F.

680 1519 746 1550 282.
780 1519 824 1549 De
845 1518 955 1549 sancto
976 1516 1113 1548 Elisaeo.

764 1604 813 1634 Ad
831 1603 1024 1634 Nocturnum.

234 1686 265 1720 1.
294 1685 540 1726 Congratuletur
565 1685 654 1716 curia

294 1733 489 1767 Coelestium
514 1733 696 1773 spirituum,

292 1781 337 1813 Et
364 1781 466 1813 omnis
491 1783 579 1812 terra
599 1780 717 1819 jubilet

294 1829 345 1861 De
368 1828 491 1861 Elisaei
515 1828 627 1868 gloria,

235 1888 267 1920 2.
296 1886 541 1919 Carmelitarum
566 1884 733 1925 principis,

296 1934 489 1975 Prophetae,
516 1941 608 1973 quem
633 1932 773 1964 instituit

294 1982 432 2023 Magnus
458 1981 549 2014 Elias
576 1980 724 2012 Tesbites

292 2030 382 2063 Nutu
408 2029 510 2062 divini
535 2029 683 2061 numinis.

234 2091 266 2123 3.
292 2088 357 2122 Hic
381 2088 414 2120 in
439 2085 599 2119 infernum
624 2085 739 2126 potuit,

295 2137 333 2169 In
358 2136 419 2168 hac
443 2135 512 2168 vita
537 2135 612 2167 dum
635 2134 768 2177 viveret,

294 2184 372 2217 Cum
396 2184 474 2216 inde
497 2183 573 2215 tulit
598 2182 737 2215 animam

290 2233 337 2265 Et
359 2231 487 2273 corpori
512 2231 663 2264 restituit.

923 1684 955 1715 4.
982 1682 1128 1716 Naaman
1154 1684 1227 1724 Syri
1252 1683 1370 1715 nobilis

984 1731 1116 1764 Sanavit
1138 1732 1250 1772 leprae
1273 1731 1417 1770 vulnera,

984 1778 1100 1810 Oblata
1126 1780 1213 1819 eujus
1240 1779 1348 1810 divitis

985 1826 1118 1858 Omnino
1144 1827 1267 1867 sprevit
1291 1834 1432 1860 munera.

950 1908 957 1915 .
984 1882 1048 1915 Hic
1071 1884 1214 1915 mulieris
1239 1883 1356 1916 viduae

986 1932 1189 1970 compatiens
1213 1932 1342 1971 inopiae

984 1978 1216 2019 Multiplicavit
1240 1980 1354 2020 oleum,

985 2027 1030 2060 Ut
1057 2027 1165 2060 debita
1188 2028 1395 2068 persolveret.

952 2112 960 2120 .
985 2084 1143 2117 Functum
1171 2085 1260 2125 cujus
1286 2086 1509 2125 corpusculum

986 2133 1031 2166 Et
1054 2134 1239 2172 sepulturae
1263 2133 1417 2165 traditum

985 2180 1059 2213 Solo
1084 2183 1173 2213 tactu
1197 2181 1355 2214 veraciter

985 2230 1064 2262 Mox
1090 2230 1257 2262 suscitavit
1280 2232 1449 2263 mortuum.

626 2290 658 2324 ’7.
684 2287 749 2321 Uni
778 2287 926 2327 trinoque
950 2286 1087 2319 Domino

686 2336 736 2368 Sit
760 2335 955 2375 sempiterna
979 2334 1093 2375 gloria,

686 2384 745 2423 Qui
773 2382 895 2416 Elisaei
919 2382 1069 2422 precibus

686 2432 848 2465 Perducat
871 2439 929 2462 nos
955 2430 996 2463 ad
1021 2438 1148 2472 supera.
