1653 2637
742 123 977 158 -97—

194 219 229 251 3.
253 218 338 251 Istos
362 219 552 260 impugnant
577 220 757 261 daemones,
885 222 916 254 4.
943 221 1083 261 Adjutor
1108 217 1162 252 hic
1186 222 1405 262 pugnantium,

253 266 321 298 Hos
348 275 431 305 caro,
457 267 532 299 illos
555 267 710 309 homines,
944 268 1007 300 Hic
1031 276 1152 300 merces
1173 268 1448 310 triumphantium,

254 313 318 346 Sed
343 314 393 346 sui
420 315 509 347 ducis
534 315 642 357 gladio
943 317 1027 357 Quos
1051 315 1159 349 firmat
1182 315 1236 347 hic
1260 316 1292 348 in
1319 317 1396 361 acie,

251 361 466 402 Triumphant
486 363 519 394 in
545 363 606 395 hoc
630 364 745 397 stadio.
943 365 1017 397 Illic
1042 365 1139 397 satiat
1159 362 1251 396 facie.

620 422 652 454 5.
680 421 731 454 Sit
755 421 892 453 trinitati
917 421 1029 461 gloria.

267 485 352 513 Brev.
377 494 430 513 ms.
451 485 691 514 Emmeramense
713 495 789 514 saec.
813 485 856 514 15.
899 487 972 515 Clm.
992 487 1147 515 Monacen.
1170 484 1275 514 14913.
1297 500 1334 504 —
1354 483 1385 520 3,
1412 484 1430 512 2
1446 486 1510 514 Hos

192 531 283 550 conus
315 521 421 558 (eorus)
450 524 518 552 illos
550 524 706 553 daemones
731 526 800 560 Hs.;
832 525 882 552 der
906 525 980 553 Sinn
1004 525 1115 553 foi-dett
1141 526 1189 552 ein
1212 525 1300 552 Wort
1323 525 1355 551 in
1381 524 1431 552 der
1454 525 1509 552 Be-

191 561 322 597 deutung
334 562 424 595 Welt,
446 562 498 590 das
521 563 591 591 aber
610 563 813 600 zweisilbigen
832 563 1020 591 mannlichen
1035 564 1119 591 Reim
1133 563 1230 590 haben
1243 561 1358 596 mursia
1378 562 1508 591 weshalb

190 599 325 627 homines
345 600 429 628 nicht
448 601 500 628 das
520 601 632 629 Rechte
652 602 717 629 sein
736 602 824 630 kann.

460 692 521 724 152.
551 692 587 723 In
606 693 697 724 Festo
717 693 926 725 Patronorum
946 692 1243 734 Salisburgensium.

690 761 739 790 Ad
758 761 849 799 Vesp.
875 764 905 791 et
923 760 1011 791 Noct.

188 818 217 851 1.
244 819 378 851 Patroni
403 820 505 851 nostri
530 820 634 852 incliti
877 823 908 854 2.
938 821 1071 854 Gentem
1098 819 1223 853 auferte
1247 820 1404 860 perfidam

246 865 515 907 confessoresque
543 868 653 911 lucidi⁷
937 868 1141 901 Credentium
1166 868 1206 899 de
1228 868 1355 908 finibus,

243 914 367 946 Vestris
393 915 590 947 orationibus
935 916 981 949 Ut
1006 915 1124 949 Chiisti
1148 915 1261 947 laudes
1286 915 1410 948 debitas

247 961 314 994 Nos
340 961 423 994 ferte
447 964 481 995 in
506 963 708 996 coelestibus.
935 964 1157 996 Persolvamus
1183 963 1341 995 alacriter.

552 1021 582 1053 3.
609 1019 705 1059 Laus,
732 1019 843 1059 honor,
869 1020 979 1060 virtus,
1006 1020 1108 1060 gloria

608 1067 678 1099 Deo
704 1066 790 1106 patri
814 1075 883 1098 cum
907 1066 985 1108 filio,

607 1114 724 1146 Sancto
753 1114 848 1145 simul
870 1114 1029 1154 paraclito

606 1163 645 1194 In
673 1161 868 1201 sempiterna
893 1162 1031 1195 saecula.

262 1227 349 1254 Brev.
373 1226 600 1263 Salisburgense
618 1228 689 1261 imp.
709 1227 843 1254 Venetiis
868 1224 949 1255 1482.

451 1318 512 1350 153.
543 1318 578 1349 In
598 1319 689 1350 Festo
709 1319 920 1350 Patronorum
940 1318 1236 1360 Salisburgensium.

740 1387 790 1416 Ad
809 1387 937 1417 Laudes.

177 1446 208 1479 1.
236 1445 324 1486 Jesu‚
351 1455 469 1478 corona
494 1447 641 1489 omnium,
868 1449 898 1480 3.
926 1448 1058 1485 Horum,
1085 1445 1251 1486 benignus,
1277 1455 1380 1478 annue

233 1494 353 1534 Perpes
380 1502 498 1526 corona
521 1494 717 1535 praesulum,
925 1494 1026 1526 Nobis
1051 1494 1140 1534 sequi
1162 1493 1305 1533 vestigia,

231 1542 270 1574 In
295 1542 356 1573 hac
384 1542 435 1574 die
461 1542 647 1574 clementius
923 1542 1047 1574 Horum
1071 1543 1202 1582 precatu
1230 1541 1366 1574 servulis

230 1589 359 1621 Nostris
384 1588 492 1622 faveto
517 1589 658 1622 vocibus.
923 1589 1058 1622 Dimitte
1080 1598 1198 1621 noxam
1222 1589 1376 1622 criminis.

171 1647 202 1678 2.
230 1646 314 1678 Nam
338 1647 402 1678 rite
425 1647 536 1679 mundi
561 1647 678 1687 gaudia
863 1648 894 1680 4.
923 1647 980 1687 Sit,
1008 1647 1144 1688 Christe,
1172 1654 1231 1678 rex
1255 1646 1407 1691 piissime,

229 1694 333 1734 Hujus
361 1695 435 1726 dum
461 1704 544 1727 vana
568 1698 733 1735 respuunt,
922 1694 996 1726 Tibi
1021 1695 1170 1735 patrique
1195 1694 1297 1734 gloria

231 1741 308 1774 Cum
335 1742 457 1782 angelis
482 1742 672 1774 coelestibus
923 1742 999 1774 Cum
1026 1742 1142 1782 spiritu
1166 1742 1324 1782 paraclito

228 1789 320 1821 Laeti
347 1788 497 1821 fruuntur
521 1790 684 1830 praemiis.
919 1789 964 1821 Et
987 1798 1072 1821 nunc
1098 1792 1130 1821 et
1153 1789 1186 1821 in
1211 1792 1411 1829 perpetuum.

246 1856 331 1883 Brev.
352 1853 580 1892 Salisburgense
599 1857 668 1892 imp.
689 1855 822 1883 Venetiis
845 1852 927 1882 1482.

555 1943 618 1975 154.
650 1943 684 1974 In
705 1943 795 1974 Festo
817 1950 858 1974 ss.
878 1942 1105 1983 Reliquiarum.

716 2011 764 2041 Ad
784 2010 940 2048 Vesperas.

359 2073 389 2106 1.
417 2071 569 2104 Sanctum
595 2075 778 2105 sanctorum
802 2071 1018 2104 collaudemus
1043 2070 1223 2114 Dominum,

418 2120 478 2160 Qui
506 2129 564 2153 nos
590 2123 727 2161 paterna
752 2119 885 2160 respicit
912 2119 1080 2151 clementia

415 2168 461 2200 Et
484 2168 576 2201 nobis
601 2169 693 2210 larga
719 2168 830 2200 salutis
856 2167 1000 2200 remedia

415 2217 478 2249 Per
503 2216 654 2249 mirificas
680 2216 825 2257 providit
849 2216 1012 2256 reliquias.

355 2275 386 2307 2.
415 2275 499 2314 Quas
524 2275 579 2307 isti
605 2284 717 2307 sacrae
744 2274 876 2307 donavit
900 2272 1056 2305 ecclesiae

414 2323 522 2363 Atque
547 2323 714 2364 stupendis
740 2322 906 2363 praeditas
929 2320 1092 2353 miraculis

415 2370 616 2405 Glorificavit
641 2381 680 2405 ac
706 2372 822 2404 decore
846 2370 962 2411 induit,

412 2419 459 2452 Ut
483 2428 543 2460 per
567 2421 625 2452 has
650 2429 708 2453 sua
727 2420 922 2452 monstraret
946 2417 1117 2459 magnalia.

214 2478 339 2505 Dreven,
354 2478 443 2506 Hymni
456 2477 554 2502 Inediti.
583 2479 615 2502 H.
1292 2480 1308 2508 7
