1653 2637
728 92 986 128 —130—

463 191 493 223 6.
519 189 650 221 Praesta
674 189 743 228 hoo,
768 189 892 229 genitor
916 188 1034 227 optime
1055 188 1200 229 maxime,

519 236 589 268 Hoc
614 239 656 276 tu,
687 238 761 268 nate
784 236 845 267 Dei
870 238 899 266 et
925 233 1006 266 bone
1030 235 1171 275 spiritus,

519 284 666 324 Regnans
690 286 843 323 perpetuo
866 281 990 322 fulgida
1012 281 1139 314 trinitas

565 331 629 363 Per
653 335 765 362 cuncta
788 330 842 369 pie
866 329 1001 364 saecula.

277 416 396 451 Antiph.
423 424 477 444 ms.
497 415 682 443 Calcat-tense
708 422 782 442 saec.
805 412 848 441 14.
889 413 957 442 Cocl.
979 414 1138 443 Calearien.
1164 423 1187 441 s.
1213 424 1242 442 n.
1262 415 1295 442 A.
1324 429 1360 433 —-
1379 414 1499 451 Antiph.

203 462 256 480 ms.
279 453 462 482 Calcariense
487 461 562 481 saec.
585 451 629 481 16.
670 452 737 480 Cod.
757 452 845 480 Arch.
867 452 1027 480 Calcarien.
1049 453 1076 480 A
1104 451 1147 480 14.
1167 453 1200 480 B.
1226 466 1264 472 --
1286 453 1344 482 Str.
1365 452 1386 481 4
1403 453 1462 481 und
1482 452 1500 480 5

202 491 372 528 umgestellt
389 492 447 520 AB.

634 618 691 650 217.
723 619 765 650 De
784 619 894 651 saneta
914 619 1064 651 Barbara.

687 697 735 727 Ad
755 698 842 735 Vesp.
866 701 896 726 et
915 697 1001 728 Noct.

205 776 236 808 1.
261 775 382 807 Fidelis
408 775 523 809 Christi
548 775 700 815 Barbara,
878 776 910 812 3,
934 776 972 808 In
997 775 1148 807 trinitatis
1172 776 1298 808 nomine

263 823 362 856 Nobis
389 822 539 861 implores
562 824 706 863 gratiam,

261 870 323 902 Per
346 878 440 909 quam
462 870 594 901 vitemus
617 872 739 901 tartara

260 916 484 957 Adipiscentes
508 916 650 958 gloriam.

205 976 236 1006 2.
262 973 311 1005 Tu
334 973 477 1013 speciosa
502 981 642 1013 corpore,

263 1021 301 1053 In
325 1020 390 1052 alta
412 1021 495 1051 turri
519 1022 633 1059 posita,

263 1067 329 1099 Nos
354 1069 407 1099 tuo
430 1067 518 1099 muni
540 1066 654 1099 robore

264 1114 310 1148 Ob
333 1117 407 1146 tuae
429 1114 514 1146 vitae
536 1114 658 1146 merita.

935 823 985 856 Tu
1010 824 1076 854 tres
1101 821 1255 855 fenestras
1279 824 1448 863 praecipis,

935 869 1010 902 Tibi
1035 871 1168 902 cedente
1191 870 1282 901 silice

937 916 1045 948 Crucis
1067 916 1200 956 figuram
1223 916 1389 957 imprimis,

878 975 909 1005 4.
936 973 1033 1005 Petra
1054 973 1228 1012 praebente
1251 973 1395 1005 semitam

937 1019 1070 1059 Captam
1092 1026 1184 1060 pater
1208 1021 1376 1061 exspoliat,

934 1066 1071 1099 Deitatis
1092 1068 1259 1100 essentiam

940 1114 986 1146 Ob
1010 1115 1072 1146 hoc
1095 1115 1177 1154 quod
1201 1115 1265 1147 sibi
1287 1115 1422 1148 nuntiat.

599 1173 631 1204 5.
651 1170 713 1202 Per
737 1173 779 1209 te,
805 1168 899 1201 beata
922 1170 1076 1211 Barbara,

652 1216 737 1256 Ignis
762 1217 896 1250 vitemus
922 1220 1043 1249 tartara

650 1263 696 1296 Et
718 1263 919 1304 perfruamur
940 1264 1041 1305 gloria

649 1310 689 1342 In
712 1311 908 1342 saeculorum
931 1311 1068 1346 saecula.

280 1396 365 1424 Brev.
389 1395 551 1422 Romanum
579 1394 651 1429 imp.
672 1395 807 1422 Venetiis
830 1392 877 1429 (G.
902 1394 940 1422 <le
963 1393 1124 1431 Gregoriis)
1149 1393 1230 1423 1521.
1265 1408 1300 1415 -ι
1334 1394 1366 1430 3,
1395 1395 1410 1424 1
1442 1398 1502 1431 Qui

202 1433 341 1462 trinitaffis
359 1432 484 1459 nomine.

591 1551 652 1583 218.
681 1552 723 1583 De
743 1552 848 1583 saneto
868 1551 1115 1584 Bai-tholomaeo.

754 1629 802 1658 Ad
819 1628 946 1659 Laudes.

207 1707 237 1740 1.
266 1705 385 1739 Chorus
409 1706 471 1737 iste
494 1705 669 1746 gratuletur

266 1754 303 1785 In
327 1753 453 1792 patroni
477 1752 647 1796 solemniis7

881 1707 913 1740 4.
934 1706 1030 1746 Regis
1052 1707 1199 1738 Astrahis
1221 1707 1363 1747 jussibus

941 1753 1042 1793 Caput
1063 1754 1142 1793 justi
1164 1755 1371 1796 praeciditur,

262 1799 406 1840 Hymnus
430 1800 532 1832 laudis
560 1801 744 1832 decantetur
938 1801 988 1834 Ab
1015 1801 1134 1841 angelis
1160 1811 1230 1833 oum
1249 1802 1397 1835 laudibus

262 1849 302 1881 ln
325 1847 425 1887 ipsius
448 1847 637 1887 praeconiis,
939 1849 993 1881 Ad
1016 1848 1201 1889 paradisum
1225 1850 1361 1882 vehitur.

205 1907 237 1938 2.
261 1905 350 1936 Indis
374 1913 456 1936 nova
478 1904 534 1935 lux
557 1904 657 1936 oritur
881 1908 913 1938 5.
938 1904 1033 1937 Hune
1055 1909 1226 1944 patronum
1249 1906 1430 1938 attollamus

263 1951 410 1991 Apostoli
433 1952 621 1991 praesentia,
939 1951 1111 1985 offerentes
1134 1953 1275 1992 servitia,

262 1998 415 2031 Astaroth
439 1999 564 2030 vinetus
588 1997 745 2037 redditur,
939 2000 986 2033 Ut
1009 1999 1123 2031 adesse
1147 2001 1317 2033 sentiamus

266 2046 376 2078 Cessat
398 2045 509 2077 Berith
530 2043 668 2077 fallacia.
937 2045 1092 2085 Ejusdem
1117 2048 1305 2086 patrocinia.

205 2105 236 2137 3.
262 2102 358 2142 Regis
383 2104 512 2134 sanatur
534 2100 610 2144 filia,
883 2104 914 2136 6.
938 2104 1007 2136 Deo
1032 2103 1117 2143 patri
1142 2106 1175 2135 et
1197 2103 1262 2137 filio

261 2150 404 2182 Daemon
429 2148 600 2189 confringit
622 2148 719 2189 idola,
939 2149 1013 2183 Una
1038 2159 1108 2182 cum
1133 2155 1240 2184 sancto
1265 2152 1381 2192 spiritu

261 2198 331 2229 Rex
354 2197 504 2236 baptismi
527 2196 678 2236 mysteria
939 2198 1036 2242 Laus,
1064 2198 1175 2240 honor,
1197 2199 1343 2238 jubilatio

263 2245 373 2285 Sumit,
399 2243 491 2284 plebs
516 2242 553 2274 fit
574 2243 772 2278 Christioola.
940 2244 1035 2277 Nune
1058 2246 1101 2277 sit
1125 2249 1157 2277 et
1179 2247 1212 2278 in
1236 2250 1434 2288 perpetuum.

280 2327 383 2356 Officia.
400 2337 453 2356 ms.
474 2335 548 2355 saec.
570 2326 614 2356 15.
647 2327 714 2355 Cod.
735 2326 902 2366 Sangauen.
924 2326 990 2357 415.
1010 2345 1049 2350 --
1068 2328 1095 2364 4,
1119 2328 1134 2357 1
1155 2330 1246 2359 Sonst
1263 2333 1351 2360 meist
1361 2333 1506 2370 Astu-iges,

203 2369 360 2404 Asu-yages
378 2364 549 2404 (Astyages).
569 2382 607 2387 —-
626 2364 653 2401 6,
672 2364 692 2393 2
711 2368 779 2396 Una
798 2368 923 2404 erganzt.
946 2383 981 2389 -υ-
1003 2367 1029 2405 6,
1050 2366 1069 2396 3
1087 2369 1169 2397 Laus
1190 2371 1220 2397 et
1236 2370 1332 2399 honor
1351 2376 1387 2399 et.
