1653 2637
760 145 1020 184 *267*

497 244 529 276 4.
556 243 634 276 Flos
657 246 811 286 paradisi,
838 249 965 279 sanctus
992 246 1196 288 SigisbertuS,

556 293 595 325 In
623 293 793 334 disciplina
816 295 920 334 patris
944 295 1003 327 sub
1027 295 1134 335 rigore

555 339 684 380 Vivens,
710 342 871 381 plantavit
894 342 956 374 Dei
980 342 1127 375 militiam

603 388 725 420 Ordine
749 397 850 421 sacro.

492 462 522 494 5.
552 462 673 495 Chorus
698 467 731 495 te
754 465 864 496 laudet
889 467 1089 498 sacerdotum
1114 474 1204 496 sacer

552 510 855 552 Monachorumque,
885 513 1041 553 virginum
1065 515 1245 544 sanctarum

553 558 676 598 Pangat
708 562 837 591 caterva
861 559 919 591 sub
945 560 1065 592 honore
1089 564 1143 592 tuo

598 605 711 638 Munia
733 606 848 639 laudis.

494 682 525 712 6.
554 681 699 713 Clemens
726 684 758 713 et
781 682 853 720 pius
877 683 1026 722 mitisque
1050 684 1092 715 ad
1117 691 1233 726 omnes,

552 728 687 760 Sanctus
714 728 906 769 sigisbertus
932 730 1065 770 propria
1088 730 1222 770 largitus

550 776 741 815 Pauperque
764 775 866 807 Deum
891 785 1026 817 sequens
1051 778 1169 816 gaudet
1192 778 1276 809 stola

598 823 670 855 Jam
699 823 871 863 duplicata.

491 898 522 930 7.
550 899 600 931 Sit
623 899 709 931 salus
733 900 793 939 illi,
821 900 917 932 decus
942 903 1038 940 atque
1062 901 1174 942 virtus,

550 947 609 986 Qui
634 956 733 987 supra
758 948 839 979 coeli
863 947 1006 979 residens
1034 956 1182 979 cacumen

548 994 659 1025 Totius
682 994 793 1026 mundi
818 995 996 1026 machinam
1022 994 1180 1034 gubernat

595 1041 712 1073 Trinus
738 1045 770 1072 et
792 1051 885 1075 unus,

221 1160 247 1187 Τ
299 1122 479 1190 Οὲᾶοίοὲως,
501 1133 577 1153 saec.
600 1124 643 1153 15.
686 1126 754 1153 Ood.
776 1125 945 1162 Sangallen.
965 1124 1030 1154 415.
1051 1141 1089 1146 —
1108 1127 1181 1153 Zum
1201 1126 1375 1162 Vergleiche
1394 1126 1469 1161 folgt
1489 1126 1539 1154 der

248 1164 298 1188 ext
338 1170 368 1188 er
420 1172 450 1190 s:

301 1198 327 1234 1)
348 1199 503 1229 Confessor
517 1202 640 1229 Domini
654 1201 834 1238 Sigisbertus
854 1205 884 1230 et
895 1206 979 1238 pater
994 1202 1192 1230 Columbanus
1207 1203 1328 1239 propria
1340 1203 1494 1239 loquentes
1507 1201 1539 1234 (Ε)

223 1236 422 1266 adhaeserunt
439 1240 569 1267 Domino
593 1240 679 1268 eorde
700 1243 771 1268 toto.

298 1274 326 1310 2)
345 1276 494 1304 Exsilium
514 1278 666 1306 intrabant
687 1278 820 1306 domibus
841 1279 953 1307 relictis
973 1279 1088 1307 ludicra
1108 1287 1179 1306 cura
1197 1286 1304 1315 pompa
1318 1279 1413 1306 nobili
1427 1278 1535 1306 mundo

222 1313 266 1340 nil
286 1315 426 1342 amabant
443 1316 501 1343 Dei
522 1318 629 1352 spiritu
649 1318 737 1351 pleni.

298 1350 326 1386 3)
345 1352 381 1379 In
402 1354 559 1388 juventute
581 1355 674 1382 sobrii
694 1356 767 1382 casti
790 1356 834 1389 pii
855 1357 884 1382 et
903 1356 995 1391 quieti
1016 1363 1131 1383 sacrum
1151 1354 1258 1390 dogma
1277 1355 1440 1382 imittantes
1466 1354 1537 1390 bap-

220 1391 357 1418 tizabant
376 1392 484 1419 multos
505 1391 561 1420 fide
581 1394 749 1420 instructos.

295 1427 324 1462 4)
345 1427 525 1465 sigisbertus
555 1431 609 1458 flos
644 1431 776 1464 paradisi
802 1432 835 1458 in
864 1431 1022 1467 disciplina
1048 1432 1183 1468 magistri
1209 1432 1263 1458 sub
1291 1432 1388 1467 rigore
1415 1432 1534 1458 coiuens

220 1466 338 1501 plantat
358 1467 415 1495 Dei
436 1468 573 1496 militiam
595 1468 696 1496 ordine
716 1477 808 1496 sacro.

296 1504 325 1539 5)
345 1505 460 1533 Chorus
480 1509 510 1533 te
529 1506 631 1534 laudat
645 1507 829 1535 sacerdotum
850 1508 1059 1535 monachorum
1080 1510 1109 1535 et
1127 1508 1276 1542 virginum
1291 1509 1404 1544 pangat
1417 1509 1536 1535 caterva

218 1542 331 1571 honore
350 1546 401 1570 tuo
422 1543 524 1571 munia
542 1544 648 1572 laudis.

293 1580 321 1616 6)
342 1580 475 1610 Clemens
501 1583 568 1618 pius
595 1585 625 1610 et
648 1585 728 1610 mitis¹
750 1583 787 1610 ad
807 1592 907 1611 omnes
929 1585 1047 1611 sanctus
1068 1584 1249 1619 sigisbertus
1271 1585 1390 1619 propria
1408 1584 1533 1619 largitus

216 1627 328 1655 pauper
348 1620 445 1648 Deum
467 1629 592 1657 sequens
615 1622 724 1657 gaudet
743 1621 821 1650 stola
839 1621 997 1657 duplicata.
1020 1636 1057 1640 —
1078 1620 1106 1656 7)
1126 1620 1173 1649 Sit
1191 1622 1272 1649 salus
1293 1621 1348 1649 illi.

655 1770 724 1802 474.
753 1769 798 1800 De
817 1770 926 1801 sancto
946 1770 1097 1802 Simeone,

480 1850 512 1883 1.
540 1849 695 1882 Concinat
718 1853 828 1882 noster
853 1850 967 1881 chorus
991 1851 1053 1882 hoc
1076 1851 1110 1882 in
1135 1859 1213 1883 aevo

540 1897 635 1929 Nunc
658 1897 752 1930 modo
777 1898 895 1930 nostris
921 1900 1064 1930 reserata
1088 1898 1202 1930 saeclis

537 1945 639 1984 Dona,
667 1954 748 1986 quae
773 1945 932 1985 quondam
955 1946 1080 1978 latuere
1103 1946 1211 1978 multis

587 1993 703 2026 Clausa
726 1993 785 2025 sub
810 1993 943 2026 umbrie.

477 2072 509 2104 2.
535 2071 675 2110 Tempus
703 2071 777 2102 dum
801 2070 892 2103 venit
914 2071 984 2112 opis
1009 2075 1040 2102 et
1066 2070 1189 2112 salutis,

535 2119 634 2160 Virgo
659 2122 734 2159 post
757 2121 884 2158 partum
910 2127 1076 2151 remanens
1101 2118 1208 2151 Maria

536 2167 631 2201 Orbis
656 2169 818 2199 auctorem
841 2168 970 2207 peperit
993 2169 1143 2207 stupente

580 2215 729 2248 Foedere
752 2215 874 2249 mundi.

473 2296 505 2328 3.
529 2294 621 2327 Tunc
645 2295 716 2326 erat
738 2301 831 2325 sacra
855 2292 984 2326 Simeon
1007 2292 1041 2324 in
1066 2292 1155 2333 urbe,

531 2342 641 2375 Justus
668 2344 700 2373 et
724 2340 839 2373 turbae
863 2340 1064 2372 venerandus
1090 2341 1185 2382 omni,

532 2390 591 2429 Qui
616 2391 853 2429 redemptorem
879 2389 995 2428 cupide
1020 2389 1152 2428 petebat

578 2437 776 2470 Accelerari.
