1653 2637
659 137 919 173 -149——

566 249 636 282 248.
665 249 709 281 De
729 250 837 282 sancto
858 247 1027 281 Bonifatio.

661 316 711 348 Ad
729 317 922 347 Nocturnum.

132 387 164 418 1.
190 385 276 417 Hinc
301 394 454 418 conversa
479 385 662 429 Germania,
822 388 854 419 2.
879 387 977 426 Quem
1003 385 1099 417 hodie
1120 385 1297 416 laureatum

239 433 378 466 Francia
404 437 436 465 et
459 433 587 475 Bassia,
926 433 1068 472 pretioso
1092 432 1254 473 sanguine,

190 480 378 521 Thuringia,
403 481 552 521 Ravana,
878 480 1043 513 Sociorum
1068 480 1299 512 circumdatum

239 526 449 561 confirmandi
474 529 577 569 gratia
926 528 1062 568 glorioso
1093 527 1227 567 agmine,

191 574 325 607 Sanctus
350 575 502 608 Frisones
527 575 649 615 revisit,
878 574 1015 607 Mittunt
1039 575 1126 606 coelo
1153 577 1336 606 coronatum

241 632 319 662 quos
345 631 514 656 conversos
541 622 672 656 dimisit.
929 632 999 655 cum
1023 623 1131 663 palma
1155 621 1318 654 victoriae.

209 697 313 725 Dium.
346 706 399 725 ms.
425 698 633 734 Maguntinum
664 706 740 726 saec.
770 695 814 725 15.
861 697 930 725 Cocl.
959 696 1052 733 capit.
1078 698 1229 725 Treviren.
1262 693 1324 724 196.
1351 696 1386 723 A.
1412 710 1448 715 -

132 736 221 764 Brev.
241 735 448 772 Maguntinum
469 738 539 772 imp.
558 734 697 772 Lugduni
719 733 801 764 1507.
822 737 855 764 B.

561 857 630 888 249.
660 857 704 889 De
723 858 832 889 sancto
852 855 1021 888 Bonifatio.

702 923 752 953 Ad
770 922 899 953 Laudes.

137 992 168 1025 1.
194 990 294 1024 Adsis
318 992 411 1025 nobis
436 994 469 1025 in
494 1001 604 1034 agone⁷
824 994 856 1024 2.
882 992 1024 1035 Praesta,
1048 995 1142 1031 pater
1164 991 1315 1032 ingenite,

244 1040 427 1072 venerande
449 1043 594 1082 patrone,
929 1042 961 1071 et
983 1042 1028 1080 tu,
1054 1040 1226 1079 unigenite,

194 1086 265 1118 Tua
288 1086 524 1129 benedictione,
881 1086 991 1126 Simul,
1019 1087 1101 1119 alme
1124 1087 1291 1126 paraclite,

242 1133 383 1167 Bonifati
409 1143 427 1166 o
449 1134 542 1173 bone,
931 1135 1111 1166 consolator
1133 1133 1271 1173 animae,

196 1181 243 1214 Ut
266 1184 340 1213 tuae
364 1182 462 1214 simus
488 1189 624 1214 coronae
884 1181 1003 1220 Quibus
1027 1190 1087 1221 par
1112 1181 1180 1213 laus
1207 1184 1238 1212 et
1262 1180 1365 1221 gloria

244 1232 407 1261 consortes
436 1231 469 1261 et
492 1228 621 1269 gloriae.
931 1237 991 1268 per
1015 1231 1147 1260 aeterna
1170 1228 1306 1262 saecula.

212 1294 318 1322 Dium.
353 1301 405 1321 ms.
434 1293 642 1330 Mag-untinum
680 1301 755 1321 saec.
782 1290 828 1320 15.
875 1292 945 1321 Gon.
973 1293 1060 1329 Capit
1080 1294 1231 1321 Treviren.
1262 1290 1327 1320 196.
1353 1293 1388 1321 A.
1414 1307 1451 1312 —-

134 1332 220 1360 Brev.
247 1332 454 1368 Maguntinum
479 1332 549 1367 imp.
574 1331 715 1368 Lugduni
743 1329 826 1359 1507.
853 1332 886 1358 B.
914 1345 951 1350 -—
980 1329 1011 1366 1,
1041 1328 1062 1359 4
1086 1332 1217 1359 Bonifati
1244 1332 1333 1359 btnet
1357 1332 1391 1358 Β,
1415 1345 1453 1349 —

135 1371 227 1398 Diese
254 1369 317 1397 drei
337 1370 476 1405 Hymnen
502 1369 555 1397 auf
570 1369 737 1398 Bonifatius
763 1369 903 1397 scheinen
922 1369 1127 1405 urspriinglich
1147 1378 1203 1396 nur
1223 1371 1303 1397 einer
1323 1377 1360 1396 zu
1379 1370 1452 1402 rin,

135 1408 174 1435 da
198 1408 262 1435 sich
284 1408 409 1443 Strophe
431 1406 447 1435 1
472 1407 522 1435 des
551 1408 677 1435 zweiten
701 1416 740 1434 an
764 1407 890 1443 Strophe
914 1404 932 1434 2
957 1407 1007 1435 des
1035 1410 1131 1435 ersten
1157 1407 1336 1435 anschliesst.
1376 1406 1449 1434 Eius

134 1445 361 1482 Schwierigkeit
393 1446 439 1473 fiir
473 1445 521 1473 die
545 1445 849 1482 Zuzammenziehung
878 1446 911 1472 :in
937 1446 985 1472 ein
1008 1445 1085 1473 Lied
1110 1446 1236 1473 bei-eitet
1259 1454 1316 1472 nur
1346 1444 1403 1472 Str.
1434 1445 1452 1472 3

136 1484 187 1512 des
208 1486 307 1512 ersten
325 1484 473 1519 Hymnus.

511 1604 581 1636 250.
607 1604 645 1636 In
665 1603 869 1636 Ordinationc
889 1613 913 1636 s.
932 1602 1093 1635 Bonifatii.

138 1677 171 1710 1.
196 1675 372 1716 Hymnizet
395 1675 497 1707 omnis
521 1676 609 1707 natio
827 1678 860 1710 5.
885 1674 1119 1715 Evangelizans
1143 1674 1316 1706 Dominum

194 1722 318 1756 Fidelis
342 1722 376 1754 in
402 1723 555 1764 tripudio,
885 1723 948 1754 Per
973 1723 1043 1754 loca
1067 1721 1168 1753 multa
1193 1721 1350 1765 gentibus,

199 1770 409 1811 Congaudens
436 1768 601 1802 Bonifacio
887 1767 1012 1801 lnfudit
1037 1770 1104 1809 ejus
1128 1768 1289 1800 hominum

197 1818 277 1851 Cum
301 1818 434 1850 laudum
454 1817 517 1850 Dei
541 1817 661 1850 studio.
886 1818 1058 1849 Doctrinas
1083 1824 1191 1848 sacras
1216 1817 1386 1850 mentibus.

137 1878 170 1911 2.
196 1875 297 1914 Quem
326 1874 445 1916 Anglia
467 1874 678 1914 produxerat,
829 1875 862 1907 6.
886 1873 939 1905 Sic
962 1873 1095 1905 verbum
1119 1872 1183 1905 Dei
1205 1873 1307 1905 seruit

196 1921 395 1955 Winfridum
422 1923 526 1963 primo
551 1922 688 1962 nomine,
887 1921 1043 1961 Augendo
1067 1919 1164 1953 fidem
1188 1921 1295 1961 latius,

194 1971 322 2003 Virtute
348 1973 462 2003 cuncta
484 1971 612 2002 luxerat
890 1969 981 2008 Quod
1005 1969 1082 2001 inde
1102 1970 1190 2009 juste
1214 1970 1332 2002 meruit

196 2019 256 2059 Qui
281 2021 316 2051 te
339 2021 478 2059 secutus,
506 2018 655 2051 Domine.
887 2015 1010 2050 Vocari
1034 2016 1230 2049 Bonifacius.

139 2080 172 2113 3.
197 2077 262 2110 Hic
287 2077 375 2109 omni
398 2076 510 2109 mundi
533 2076 641 2108 labilis
830 2076 863 2109 7.
887 2075 974 2107 Hinc
995 2076 1061 2107 suis
1088 2083 1159 2106 cum
1184 2074 1383 2106 consortibus

198 2124 388 2166 Contempto
416 2124 625 2157 delectamine
888 2123 1052 2155 Mucronis
1076 2122 1144 2155 ictu
1169 2123 1321 2163 pungitur

196 2172 361 2213 Quaesivit
394 2175 460 2205 toto
485 2172 611 2205 stabilis
888 2170 932 2203 Et
959 2170 1086 2203 coelicis
1113 2170 1296 2204 cohortibus

196 2221 358 2255 coelestia
384 2221 559 2253 conamine.
889 2218 1079 2251 Perenniter
1104 2218 1300 2258 adjungitur.

136 2280 170 2313 4.
196 2278 323 2312 Fidelis
347 2287 460 2311 servus
484 2277 626 2311 reditum
831 2279 865 2311 8.
889 2276 913 2309 O
938 2277 1069 2316 praesul
1092 2275 1298 2317 venerabiliS,

200 2326 260 2365 Qui
284 2326 414 2359 Domini
439 2328 644 2367 pensaverat,
889 2324 1037 2363 Deposce
1061 2323 1124 2357 Dei
1147 2323 1258 2367 filium,

198 2374 367 2407 Talentum
392 2374 454 2407 sibi
481 2374 639 2406 creditum
893 2373 941 2406 Ut
964 2371 1056 2404 nobis
1082 2372 1125 2404 sit
1148 2371 1318 2412 placabilis

204 2422 286 2457 &tm
308 2423 400 2455 lucro
424 2423 659 2464 reportaverat.
892 2420 965 2453 Hoc
987 2419 1100 2453 mundi
1122 2423 1198 2461 post
1221 2419 1378 2453 exsilium.
