1653 2637
711 140 970 176 -262-2-

630 234 699 266 462.
729 235 772 267 De
793 235 906 266 sancta
924 231 1078 270 Quiteria.

746 310 796 341 Ad
815 311 943 341 Laudes.

189 384 220 416 1.
244 381 481 415 Recreator
507 385 547 414 et
570 385 795 423 purgator1
875 383 905 415 3,
931 380 1043 413 Audi
1072 381 1296 420 precantis
1322 382 1500 421 agminis

247 429 310 461 Per
335 430 489 470 virginem
514 432 556 470 te,
582 433 740 471 regnator,
932 429 1049 461 Preces
1075 429 1188 460 merito
1214 428 1355 471 virginis,

246 477 422 509 Vasconum
449 478 525 510 colit
547 478 660 519 pistae,
932 476 1053 508 Nostra
1077 476 1205 507 remitte
1231 476 1372 518 crimina,

247 524 417 557 Fidelis
442 525 725 558 universitas,
932 523 1082 555 Rerum
1118 523 1234 555 salus
1259 523 1501 558 intermina.

189 584 220 614 2.
247 581 434 621 Hymnum
455 582 484 614 D
494 590 534 613 eo
553 591 623 614 vox
642 581 787 621 jucund
797 589 816 612 a
874 583 906 614 4.
933 581 1059 612 Adest
1083 580 1119 612 di
1129 590 1166 612 es
1192 579 1342 611 sanctis
1351 580 1417 611 sim
1427 590 1460 622 a,

248 628 369 671 Sonuit,
396 629 471 660 dum
494 629 584 669 virgo
608 629 728 661 munda
933 628 1002 667 Qua
1023 630 1147 667 martyr
1173 627 1402 659 candidissima

247 675 372 708 Sectum
400 680 493 718 caput
519 676 682 716 continuit,
932 675 998 707 Dat
1022 675 1175 708 trinitatis
1201 675 1292 707 radio

249 723 405 756 Novum
435 725 555 756 sidus
581 724 765 757 emicuit.
932 722 1110 754 Festivo
1136 722 1290 755 laudes
1316 722 1482 762 gaudio.

264 799 348 826 Brev.
369 807 420 825 ms.
442 797 662 826 Benedictinum
683 806 757 825 naec.
781 795 824 825 15.
857 797 927 825 Cod.
941 797 1100 825 Eremiten.
1122 795 1167 825 84.
1190 811 1225 816 —-
1248 796 1272 830 1,
1294 795 1312 825 3
1333 797 1501 824 Nasconum

193 837 266 864 colit
285 838 409 872 quietas.
429 851 467 856 —
486 834 513 869 3,
532 835 553 863 4
571 836 635 863 Rex
654 836 743 863 salus.

605 963 671 998 463.
701 965 745 996 De
765 966 876 996 sancta
896 962 1090 1003 Regenflede.

735 1040 782 1070 Ad
800 1040 959 1078 vesperas.

194 1106 224 1137 1.
251 1103 339 1136 Coeli
363 1105 508 1143 pandant
533 1105 703 1144 gloriosum
879 1106 911 1137 4.
937 1105 1132 1144 Angelorum
1157 1106 1251 1135 nacta
1278 1105 1385 1144 vitam,

301 1151 433 1191 virginis
458 1153 672 1191 praeconium,
985 1155 1018 1182 ut
1044 1152 1193 1183 mortales
1220 1153 1348 1192 angelos

254 1198 358 1229 Vitam
385 1201 480 1239 atque
503 1199 668 1239 penetrale
938 1198 1075 1230 Faceret
1099 1202 1131 1230 et
1152 1199 1219 1231 veri
1245 1200 1322 1231 solis

303 1248 496 1277 secretorum
522 1247 669 1286 omnium,
984 1246 1169 1286 propalaret
1195 1246 1303 1278 radios

252 1292 359 1332 Atque
383 1291 503 1334 fantur,
528 1295 612 1333 quod
636 1303 699 1325 non
721 1292 809 1325 fatur
937 1292 981 1324 Et
1005 1301 1162 1334 supernae
1187 1293 1311 1325 civitati

301 1340 387 1380 apud
412 1341 509 1372 ullum
536 1341 704 1374 hominum.
987 1344 1181 1372 restauraret
1205 1341 1359 1380 perditos,

197 1398 228 1428 2.
256 1396 326 1427 Rex
348 1399 495 1429 aeternus
520 1405 558 1428 ac
583 1398 763 1439 immensus,
879 1399 910 1431 5.
940 1398 1000 1429 Per
1027 1399 1185 1430 desertum
1211 1398 1305 1437 hujus
1331 1398 1416 1430 vitae

304 1453 363 1475 rex
386 1444 623 1485 insuperabilis,
985 1453 1111 1485 gregem
1136 1445 1198 1477 sibi
1222 1446 1384 1477 subditum

256 1491 315 1528 Qui
342 1493 459 1523 creavit
485 1492 615 1532 coelum,
642 1494 758 1523 terram
936 1492 1056 1524 Manna
1080 1493 1169 1531 pavit
1195 1502 1233 1523 ac
1257 1493 1445 1534 lymphavit‚

303 1539 386 1570 mira
409 1538 612 1577 providentia
985 1549 1045 1578 quo
1070 1542 1201 1580 pararet
1224 1540 1347 1572 aditum

251 1584 355 1623 Facit,
382 1589 418 1616 ut
441 1586 472 1617 in
499 1586 617 1617 sanctis
642 1587 708 1617 suis
938 1587 991 1618 Ad
1016 1587 1194 1626 ingressum
1219 1592 1347 1621 sanctae
1372 1590 1488 1626 terrae,

301 1635 403 1664 exstet
426 1632 606 1666 ineffabilis.
984 1643 1044 1673 quo
1069 1643 1146 1674 pars
1172 1637 1221 1666 est
1244 1635 1429 1668 viventium.

192 1691 222 1722 3.
250 1688 452 1729 Regenfledis
476 1689 684 1722 admirandae
877 1693 908 1724 6.
936 1690 984 1722 Sit
1008 1691 1078 1723 laus
1099 1692 1184 1731 patri
1209 1690 1349 1733 filioque,

295 1737 439 1776 implevit
464 1738 656 1777 praecordia
983 1739 1052 1770 laus
1077 1739 1120 1770 sit
1144 1742 1252 1772 sancto
1277 1738 1410 1780 flamini,

250 1784 330 1816 Vivo
356 1784 453 1824 fonte,
481 1793 540 1824 quo
566 1788 694 1824 potaret
932 1786 992 1825 Qui
1019 1787 1165 1819 devotam
1190 1786 1418 1827 Regenfiedam

295 1831 495 1864 subditorum
520 1833 655 1876 agmina,
980 1834 1102 1874 magnis
1126 1835 1212 1866 vitae
1235 1835 1360 1867 meritis

250 1878 366 1918 Quibus
392 1881 533 1912 sanctam
560 1880 650 1912 donis
676 1880 804 1919 plenam
932 1880 1106 1913 Decoravit
1137 1885 1169 1913 et
1193 1883 1332 1914 aeternis

294 1927 511 1967 promulgaret
534 1928 685 1967 regulam.
980 1929 1176 1968 mancipavit
1199 1929 1353 1968 praediis,

266 2000 474 2036 Apographum
498 2002 640 2029 ecclesiae
660 2002 692 2028 in
707 2002 861 2037 Hoenepel
881 2011 958 2030 saec.
984 2000 1058 2031 ²⁸l19.

602 2131 671 2162 464.
701 2131 743 2161 De
763 2132 873 2162 saneta
893 2131 1089 2171 Regenfletle.

724 2207 773 2236 Ad
791 2207 981 2238 Nocturnum.

192 2276 223 2308 1.
252 2274 375 2314 Gaude,
401 2275 649 2314 Austrovandia,
876 2278 906 2309 2.
933 2276 1137 2317 chenfledis
1162 2282 1363 2315 sanctissima

249 2322 360 2354 Gaude
387 2322 427 2353 de
452 2322 570 2354 Christi
593 2331 732 2364 munere,
932 2324 982 2355 De
1007 2328 1039 2357 te
1063 2328 1222 2360 nascendo
1248 2330 1379 2374 prodiit,

248 2369 375 2403 Laudes
397 2370 431 2401 in
457 2378 534 2402 voce
557 2371 647 2402 varia
932 2371 1008 2403 Rite
1037 2374 1198 2407 detestans
1222 2377 1333 2411 infima

250 2417 354 2450 Corde
377 2426 504 2458 promas
531 2420 562 2448 et
585 2427 690 2458 opere.
933 2419 1077 2453 Coeleste
1101 2431 1233 2464 regnum
1257 2426 1361 2466 petiit.
