1653 2637
746 121 1006 156 —161—

669 240 729 272 271.
756 242 800 274 De
820 244 928 275 sancto
948 242 1078 274 Donato.

217 320 249 355 1.
275 321 343 353 Iste
363 323 487 361 martyr
512 322 657 362 egregius
901 324 933 357 4,
960 323 1015 356 Ad
1038 324 1166 364 nuptias
1189 323 1343 357 invitatus

276 368 407 401 Coelum
430 368 558 401 scandit
581 369 758 409 sublimius,
959 371 1046 403 Loco
1070 370 1179 403 infimo
1206 375 1384 412 contentus,

278 416 398 449 Christi
423 417 511 448 volat
533 416 568 448 in
593 418 769 458 amplexus,
959 418 1021 450 Est
1048 418 1080 451 in
1107 419 1188 451 coeli
1214 420 1357 452 convivio

277 464 360 503 Quos
385 464 502 496 amoris
525 465 631 505 jungit
654 473 766 498 nexus.
961 466 1155 499 Sublimatus
1180 476 1199 498 a
1222 466 1369 501 Domino.

215 541 246 573 2.
272 540 411 573 Calicem
435 541 549 573 salutis
575 541 720 581 sumpsit,
902 543 932 576 5.
959 543 1117 583 Rogemus
1143 552 1218 584 ergo
1242 544 1361 582 cernui,

272 587 351 620 Jesu
373 597 488 621 nomen
513 588 687 629 invocavit,
957 590 1005 624 Ut
1026 590 1114 623 Deus
1139 599 1236 631 prece
1260 591 1389 632 Donati,

271 635 316 668 Et
342 635 430 675 cujus
456 635 642 676 sanguinem
665 635 757 677 bibit,
961 638 1057 677 Cujus
1083 638 1167 671 festa
1192 639 1396 678 percolimus,

271 684 335 715 Pro
361 691 398 716 eo
421 683 588 723 proprium
613 682 707 717 fudit.
958 685 1024 717 Nos
1049 687 1148 718 societ
1174 686 1372 718 coelestibus

212 760 243 794 3.
269 759 348 792 Cum
372 761 503 798 potente
529 759 690 791 discubuit
900 763 932 795 6.
955 761 1082 794 Summo
1108 762 1235 802 parenti
1255 763 1358 803 gloria

268 806 314 839 Et
338 807 479 847 prudens
506 806 731 849 consideravit,
957 808 1105 848 Natoquc
1128 810 1198 841 laus
1224 818 1317 850 quam
1341 809 1481 841 maxima

268 854 381 893 Qualia
403 857 477 887 sunt
499 856 657 895 apposita,
958 856 1036 889 Cum
1062 859 1171 889 sancto
1197 857 1239 888 sit
1263 856 1439 897 spiramine

270 902 543 942 Praeparavitque
566 903 654 936 talia.
956 903 1050 935 Nunc
1075 907 1108 936 et
1129 913 1188 944 per
1213 914 1305 936 omne
1330 905 1502 937 saeculum.

287 987 371 1015 Brev.
400 996 454 1015 ms.
480 986 607 1015 Carmeli
632 987 826 1015 Freistadien.
855 995 931 1015 saec.
956 986 1000 1015 15.
1045 987 1115 1016 Cod.
1141 989 1362 1017 Wratislavien.
1388 988 1404 1017 1
1430 989 1454 1017 O
1481 986 1527 1016 72.

206 1024 241 1051 A.
267 1041 299 1045 -
319 1025 406 1053 Brev.
424 1026 575 1053 Misnense
594 1027 664 1061 imp.
687 1025 809 1060 Lipsiae
829 1023 912 1053 1517.
932 1026 965 1053 B.
981 1040 1018 1044 ——
1040 1024 1065 1060 1,
1087 1025 1107 1054 4
1122 1027 1230 1062 jungat
1248 1028 1283 1055 A.

635 1156 701 1186 272.
732 1155 775 1188 De
794 1157 906 1188 sancta
926 1157 1096 1188 Dorothea.

759 1233 808 1263 Ad
828 1233 956 1265 Laudes.

205 1313 235 1346 1.
263 1313 350 1345 Voce
375 1313 462 1346 clara
487 1320 681 1355 resonemus,
893 1314 924 1348 3,
951 1313 1040 1345 Sicut
1063 1313 1165 1345 lutum
1192 1312 1373 1352 platearum

261 1362 407 1401 Hymnos
434 1360 543 1392 dulces
571 1361 775 1393 decantemus
950 1361 1080 1393 Florem
1105 1369 1211 1392 rerum
1236 1361 1468 1393 mundanarum

308 1407 465 1447 Vigilanti
489 1408 606 1448 studio,
999 1408 1197 1448 Contempsit
1220 1407 1302 1440 haec
1325 1408 1431 1448 beata,

261 1455 345 1488 Nam
370 1456 412 1488 ad
439 1455 572 1487 chorum
596 1464 806 1495 supernorum
952 1456 1045 1488 Nunc
1062 1457 1259 1496 quapropter
1272 1456 1404 1488 adstans
1418 1456 1525 1488 trinae

260 1502 458 1536 Dorotheam
482 1511 540 1534 rex
566 1504 726 1536 coelorum
949 1503 1071 1535 Deitati
1097 1503 1166 1535 sine
1191 1501 1254 1536 fine

310 1550 408 1583 Vexit
432 1560 503 1583 cum
527 1550 682 1591 tripudio.
999 1550 1185 1592 Congaudet
1209 1553 1371 1583 coronata.

202 1629 235 1663 2.
260 1627 352 1660 Haec
379 1628 419 1659 ab
446 1627 538 1660 annis
560 1627 737 1668 ,iuventutis
892 1630 924 1662 4.
953 1627 1061 1667 Virgo,
1090 1628 1186 1660 decus
1213 1627 1381 1669 castitatis,

260 1675 374 1709 Sardis
398 1675 517 1715 spretis
543 1675 592 1707 dis
619 1677 650 1706 et
674 1676 769 1707 mutis
951 1675 1080 1715 Martyr
1107 1675 1208 1706 mirae
1232 1674 1425 1717 sanctitatis,

309 1722 417 1756 Coluit
444 1722 645 1762 altissimum,
999 1722 1143 1763 Supplex
1169 1720 1219 1753 fer
1244 1722 1416 1762 auxilium,

259 1771 340 1810 Ejus
368 1778 422 1802 cor
447 1770 502 1810 qui
526 1772 592 1802 tam
617 1772 808 1810 accendens,
952 1771 1069 1802 Tecum
1096 1778 1186 1801 rosas
1213 1770 1410 1810 colligamus,

260 1819 307 1852 Ut
333 1820 365 1849 et
388 1820 524 1850 mortem
547 1817 787 1857 parvipendens
951 1817 1017 1850 Ubi
1042 1826 1169 1857 semper
1194 1818 1390 1857 gaudeamus

306 1865 482 1906 Sperneret
506 1866 737 1899 saevissimum.
1001 1864 1156 1897 Praesens
1181 1867 1256 1904 post
1281 1864 1436 1897 exsilium.

605 1943 636 1975 5.
662 1942 772 1974 Prosit
796 1944 851 1973 tua
875 1941 1057 1982 singulam,

660 1987 789 2023 Efficax
815 1992 846 2020 et
872 1989 1023 2022 salutaris

706 2036 808 2070 Nobis
833 2038 1020 2070 intercessio

656 2086 702 2119 Et
727 2086 898 2118 distinctae
921 2085 1077 2117 trinitatis

658 2133 845 2174 Unicaeque
876 2134 1005 2166 deitatis

704 2181 804 2215 Fides
830 2183 863 2214 et
888 2180 1057 2215 confessio.

272 2271 358 2298 BreV.
383 2279 436 2298 ms.
456 2268 680 2298 Benedicffinum
703 2275 779 2296 saec.
804 2265 849 2295 15.
890 2267 960 2296 Cod.
980 2266 1142 2295 Eremiten.
1164 2264 1210 2294 84.
1231 2267 1266 2294 A.
1293 2280 1329 2285 —
1357 2266 1443 2294 Brev.
1467 2274 1521 2293 ms.

195 2308 420 2337 Benedictinum
441 2316 516 2336 saec.
540 2305 584 2336 15.
621 2306 691 2334 Cod.
713 2304 919 2334 Carolsruhan.
941 2305 1002 2334 Geo
1024 2303 1070 2333 52.
1091 2307 1123 2335 Β.
1147 2319 1179 2324 —
1205 2305 1291 2333 Brev.
1312 2313 1366 2332 ms.
1381 2304 1522 2333 Benedic-

194 2348 291 2375 tinum
318 2347 389 2374 anni
417 2344 497 2375 1501.
542 2346 612 2375 God.
639 2344 847 2373 Garolsruhan.
873 2343 935 2373 Geo
963 2341 1009 2371 53.
1036 2343 1067 2371 O.
1095 2359 1132 2364 —
1161 2342 1189 2378 1,
1215 2343 1235 2372 4
1256 2344 1314 2379 Qui
1341 2343 1379 2371 ad
1406 2343 1522 2371 thorum

195 2386 255 2413 BG.
275 2400 312 2404 —
333 2383 360 2421 2,
381 2384 401 2413 4
420 2394 470 2413 cor
483 2386 613 2422 quietam
631 2384 794 2412 accendens
808 2381 865 2410 BC.
886 2398 921 2403 -—
936 2380 964 2416 2,
985 2380 1002 2410 6
1016 2381 1172 2411 Scerneret
1184 2383 1218 2410 A.
1233 2398 1270 2403 --
1285 2380 1311 2416 3,
1333 2380 1351 2410 3
1366 2382 1424 2410 hoc
1436 2382 1469 2410 B.
1484 2395 1521 2400 -—

198 2421 225 2460 3,
249 2422 266 2452 6
287 2423 405 2452 Gaudet
423 2423 481 2452 BC.
502 2439 538 2443 -
560 2421 587 2457 5,
610 2421 625 2451 1
646 2423 748 2450 Prosit
767 2423 811 2449 ita
830 2422 884 2448 tua
902 2421 934 2449 B.

259 2475 388 2502 Dreves,
404 2473 494 2503 Hymni
508 2473 604 2497 Inediti.
635 2473 667 2496 Π.
1317 2467 1351 2496 11
