<?xml version="1.0" encoding="UTF-8"?>
<!DOCTYPE html PUBLIC "-//W3C//DTD XHTML 1.0 Transitional//EN"
    "http://www.w3.org/TR/xhtml1/DTD/xhtml1-transitional.dtd">
<html xmlns="http://www.w3.org/1999/xhtml" xml:lang="en" lang="en">
 <head>
  <title>
</title>
<meta http-equiv="Content-Type" content="text/html;charset=utf-8" />
  <meta name='ocr-system' content='tesseract 3.04.00' />
  <meta name='ocr-capabilities' content='ocr_page ocr_carea ocr_par ocr_line ocrx_word'/>
</head>
<body>
  <div class='ocr_page' id='page_1' title='image "./analectahymnica23drevuoft_00280.png"; bbox 0 0 1653 2637; ppageno 0'>
   <div class='ocr_carea' id='block_1_1' title="bbox 743 148 1005 184">
    <p class='ocr_par' dir='ltr' id='par_1_1' title="bbox 743 148 1005 184">
     <span class='ocr_line' id='line_1_1' title="bbox 743 148 1005 184; baseline 0 0"><span class='ocrx_word' id='word_1_1' title='bbox 743 148 1005 184; x_wconf 78' lang='lat'><strong>-277—</strong></span> 
     </span>
    </p>
   </div>
   <div class='ocr_carea' id='block_1_2' title="bbox 646 243 1110 342">
    <p class='ocr_par' dir='ltr' id='par_1_2' title="bbox 646 243 1110 342">
     <span class='ocr_line' id='line_1_2' title="bbox 646 243 1110 275; baseline 0 -1"><span class='ocrx_word' id='word_1_2' title='bbox 646 243 717 275; x_wconf 82' lang='lat'>490.</span> <span class='ocrx_word' id='word_1_3' title='bbox 745 243 790 275; x_wconf 86' lang='lat' dir='ltr'>De</span> <span class='ocrx_word' id='word_1_4' title='bbox 810 245 917 275; x_wconf 78' lang='lat' dir='ltr'>sancto</span> <span class='ocrx_word' id='word_1_5' title='bbox 941 243 1110 275; x_wconf 75' lang='lat' dir='ltr'>Timotheo.</span> 
     </span>
     <span class='ocr_line' id='line_1_3' title="bbox 775 311 970 342; baseline 0 -1"><span class='ocrx_word' id='word_1_6' title='bbox 775 312 824 341; x_wconf 82' lang='lat' dir='ltr'>Ad</span> <span class='ocrx_word' id='word_1_7' title='bbox 842 311 970 342; x_wconf 84' lang='lat' dir='ltr'>Laudes.</span> 
     </span>
    </p>
   </div>
   <div class='ocr_carea' id='block_1_3' title="bbox 216 378 773 515">
    <p class='ocr_par' dir='ltr' id='par_1_3' title="bbox 216 378 773 515">
     <span class='ocr_line' id='line_1_4' title="bbox 216 378 712 412; baseline 0.006 -2"><span class='ocrx_word' id='word_1_8' title='bbox 216 378 248 411; x_wconf 90' lang='lat'>1.</span> <span class='ocrx_word' id='word_1_9' title='bbox 273 378 441 411; x_wconf 80' lang='lat' dir='ltr'>Exstinxit</span> <span class='ocrx_word' id='word_1_10' title='bbox 469 380 712 412; x_wconf 78' lang='lat' dir='ltr'>simulacrorum</span> 
     </span>
     <span class='ocr_line' id='line_1_5' title="bbox 277 425 754 460; baseline 0.006 -3"><span class='ocrx_word' id='word_1_11' title='bbox 277 425 443 458; x_wconf 80' lang='lat' dir='ltr'>Gallorum</span> <span class='ocrx_word' id='word_1_12' title='bbox 469 430 501 459; x_wconf 81' lang='lat' dir='ltr'>et</span> <span class='ocrx_word' id='word_1_13' title='bbox 525 428 754 460; x_wconf 77' lang='lat' dir='ltr'>Britannorum</span> 
     </span>
     <span class='ocr_line' id='line_1_6' title="bbox 274 474 773 515; baseline 0.006 -10"><span class='ocrx_word' id='word_1_14' title='bbox 274 474 409 506; x_wconf 86' lang='lat' dir='ltr'>Sanctus</span> <span class='ocrx_word' id='word_1_15' title='bbox 437 475 594 507; x_wconf 86' lang='lat' dir='ltr'>culturam</span> <span class='ocrx_word' id='word_1_16' title='bbox 619 479 773 515; x_wconf 87' lang='lat' dir='ltr'>veterum,</span> 
     </span>
    </p>
   </div>
   <div class='ocr_carea' id='block_1_4' title="bbox 275 520 824 555">
    <p class='ocr_par' dir='ltr' id='par_1_4' title="bbox 275 520 824 555">
     <span class='ocr_line' id='line_1_7' title="bbox 275 520 824 555; baseline 0.005 -3"><span class='ocrx_word' id='word_1_17' title='bbox 275 520 460 554; x_wconf 77' lang='lat' dir='ltr'>Creator</span> <span class='ocrx_word' id='word_1_18' title='bbox 484 523 597 555; x_wconf 87' lang='lat' dir='ltr'>alme</span> <span class='ocrx_word' id='word_1_19' title='bbox 621 523 824 555; x_wconf 88' lang='lat' dir='ltr'>siderum.</span> 
     </span>
    </p>
   </div>
   <div class='ocr_carea' id='block_1_5' title="bbox 214 624 733 714">
    <p class='ocr_par' dir='ltr' id='par_1_5' title="bbox 214 624 733 714">
     <span class='ocr_line' id='line_1_8' title="bbox 214 624 673 668; baseline 0.009 -12"><span class='ocrx_word' id='word_1_20' title='bbox 214 626 245 658; x_wconf 86' lang='lat'>2.</span> <span class='ocrx_word' id='word_1_21' title='bbox 272 624 405 657; x_wconf 85' lang='lat' dir='ltr'>Electus</span> <span class='ocrx_word' id='word_1_22' title='bbox 429 627 464 658; x_wconf 89' lang='lat' dir='ltr'>in</span> <span class='ocrx_word' id='word_1_23' title='bbox 490 627 673 668; x_wconf 85' lang='lat' dir='ltr'>episcopum</span> 
     </span>
     <span class='ocr_line' id='line_1_9' title="bbox 273 672 733 714; baseline 0.009 -11"><span class='ocrx_word' id='word_1_24' title='bbox 273 672 400 704; x_wconf 87' lang='lat' dir='ltr'>Turbas</span> <span class='ocrx_word' id='word_1_25' title='bbox 424 675 578 713; x_wconf 88' lang='lat' dir='ltr'>pascebat</span> <span class='ocrx_word' id='word_1_26' title='bbox 603 676 733 714; x_wconf 89' lang='lat' dir='ltr'>inopum</span> 
     </span>
    </p>
   </div>
   <div class='ocr_carea' id='block_1_6' title="bbox 908 381 1505 602">
    <p class='ocr_par' dir='ltr' id='par_1_6' title="bbox 908 381 1505 602">
     <span class='ocr_line' id='line_1_10' title="bbox 908 381 1379 422; baseline -0.006 -7"><span class='ocrx_word' id='word_1_27' title='bbox 908 383 939 415; x_wconf 86' lang='lat'>3.</span> <span class='ocrx_word' id='word_1_28' title='bbox 962 381 1097 413; x_wconf 87' lang='lat' dir='ltr'>Baculos</span> <span class='ocrx_word' id='word_1_29' title='bbox 1124 390 1194 413; x_wconf 89' lang='lat' dir='ltr'>cum</span> <span class='ocrx_word' id='word_1_30' title='bbox 1217 381 1379 422; x_wconf 78' lang='lat' dir='ltr'>lapidibus</span> 
     </span>
     <span class='ocr_line' id='line_1_11' title="bbox 967 428 1325 461; baseline 0 -1"><span class='ocrx_word' id='word_1_31' title='bbox 967 429 1124 461; x_wconf 82' lang='lat' dir='ltr'>Sustinuit</span> <span class='ocrx_word' id='word_1_32' title='bbox 1148 429 1187 460; x_wconf 88' lang='lat' dir='ltr'>ab</span> <span class='ocrx_word' id='word_1_33' title='bbox 1214 428 1325 461; x_wconf 82' lang='lat' dir='ltr'>ovibus</span> 
     </span>
     <span class='ocr_line' id='line_1_12' title="bbox 965 475 1359 513; baseline -0.005 -4"><span class='ocrx_word' id='word_1_34' title='bbox 965 477 1027 509; x_wconf 91' lang='lat' dir='ltr'>Pro</span> <span class='ocrx_word' id='word_1_35' title='bbox 1052 475 1118 508; x_wconf 87' lang='lat' dir='ltr'>fide</span> <span class='ocrx_word' id='word_1_36' title='bbox 1141 476 1359 513; x_wconf 87' lang='lat' dir='ltr'>libentissime,</span> 
     </span>
     <span class='ocr_line' id='line_1_13' title="bbox 960 523 1505 556; baseline -0.004 0"><span class='ocrx_word' id='word_1_37' title='bbox 960 523 1048 556; x_wconf 79' lang='lat' dir='ltr'>Rex</span> <span class='ocrx_word' id='word_1_38' title='bbox 1098 523 1271 556; x_wconf 84' lang='lat' dir='ltr'>Christe</span> <span class='ocrx_word' id='word_1_39' title='bbox 1321 524 1357 555; x_wconf 87' lang='lat' dir='ltr'>cl</span> <span class='ocrx_word' id='word_1_40' title='bbox 1369 532 1425 554; x_wconf 91' lang='lat' dir='ltr'>em</span> <span class='ocrx_word' id='word_1_41' title='bbox 1436 532 1505 555; x_wconf 90' lang='lat' dir='ltr'>en-</span> 
     </span>
     <span class='ocr_line' id='line_1_14' title="bbox 1303 571 1484 602; baseline -0.006 0"><span class='ocrx_word' id='word_1_42' title='bbox 1303 572 1337 602; x_wconf 89' lang='lat' dir='ltr'>ti</span> <span class='ocrx_word' id='word_1_43' title='bbox 1346 580 1361 602; x_wconf 93' lang='grc'>3</span> <span class='ocrx_word' id='word_1_44' title='bbox 1372 580 1387 602; x_wconf 84' lang='grc'>3</span> <span class='ocrx_word' id='word_1_45' title='bbox 1395 571 1407 601; x_wconf 89' lang='grc'>1</span> <span class='ocrx_word' id='word_1_46' title='bbox 1415 580 1447 602; x_wconf 84' lang='grc'>111</span> <span class='ocrx_word' id='word_1_47' title='bbox 1458 579 1484 602; x_wconf 92' lang='lat' dir='ltr'>e.</span> 
     </span>
    </p>
   </div>
   <div class='ocr_carea' id='block_1_7' title="bbox 905 627 1344 715">
    <p class='ocr_par' dir='ltr' id='par_1_7' title="bbox 905 627 1344 715">
     <span class='ocr_line' id='line_1_15' title="bbox 905 627 1344 661; baseline -0.002 -1"><span class='ocrx_word' id='word_1_48' title='bbox 905 629 937 661; x_wconf 86' lang='lat'>4.</span> <span class='ocrx_word' id='word_1_49' title='bbox 964 627 1088 660; x_wconf 79' lang='lat' dir='ltr'>Jubilat,</span> <span class='ocrx_word' id='word_1_50' title='bbox 1113 636 1183 659; x_wconf 89' lang='lat' dir='ltr'>cum</span> <span class='ocrx_word' id='word_1_51' title='bbox 1208 628 1344 660; x_wconf 86' lang='lat' dir='ltr'>victoria</span> 
     </span>
     <span class='ocr_line' id='line_1_16' title="bbox 963 675 1335 715; baseline 0.003 -9"><span class='ocrx_word' id='word_1_52' title='bbox 963 675 1148 707; x_wconf 87' lang='lat' dir='ltr'>Timotheus</span> <span class='ocrx_word' id='word_1_53' title='bbox 1172 676 1207 707; x_wconf 92' lang='lat' dir='ltr'>in</span> <span class='ocrx_word' id='word_1_54' title='bbox 1230 676 1335 715; x_wconf 83' lang='lat' dir='ltr'>gloria</span> 
     </span>
    </p>
   </div>
   <div class='ocr_carea' id='block_1_8' title="bbox 272 719 783 806">
    <p class='ocr_par' dir='ltr' id='par_1_8' title="bbox 272 719 783 806">
     <span class='ocr_line' id='line_1_17' title="bbox 274 719 661 762; baseline 0.008 -12"><span class='ocrx_word' id='word_1_55' title='bbox 274 719 473 753; x_wconf 84' lang='lat' dir='ltr'>Celebrando</span> <span class='ocrx_word' id='word_1_56' title='bbox 499 722 661 762; x_wconf 87' lang='lat' dir='ltr'>Ephesiae</span> 
     </span>
     <span class='ocr_line' id='line_1_18' title="bbox 272 766 783 806; baseline 0.006 -8"><span class='ocrx_word' id='word_1_57' title='bbox 272 766 527 806; x_wconf 85' lang='lat' dir='ltr'>Mysterium</span> <span class='ocrx_word' id='word_1_58' title='bbox 551 770 783 802; x_wconf 86' lang='lat' dir='ltr'>ecclesiae.</span> 
     </span>
    </p>
   </div>
   <div class='ocr_carea' id='block_1_9' title="bbox 963 722 1532 850">
    <p class='ocr_par' dir='ltr' id='par_1_9' title="bbox 963 722 1532 850">
     <span class='ocr_line' id='line_1_19' title="bbox 964 722 1390 765; baseline 0.002 -12"><span class='ocrx_word' id='word_1_59' title='bbox 964 722 1098 754; x_wconf 81' lang='lat' dir='ltr'>Junetus</span> <span class='ocrx_word' id='word_1_60' title='bbox 1123 726 1196 754; x_wconf 86' lang='lat' dir='ltr'>tuae</span> <span class='ocrx_word' id='word_1_61' title='bbox 1224 724 1390 765; x_wconf 79' lang='lat' dir='ltr'>essentiae,</span> 
     </span>
     <span class='ocr_line' id='line_1_20' title="bbox 963 769 1532 802; baseline 0.002 -2"><span class='ocrx_word' id='word_1_62' title='bbox 963 769 1153 802; x_wconf 86' lang='lat' dir='ltr'>Summae</span> <span class='ocrx_word' id='word_1_63' title='bbox 1192 770 1305 802; x_wconf 81' lang='lat' dir='ltr'>Deus</span> <span class='ocrx_word' id='word_1_64' title='bbox 1348 771 1532 802; x_wconf 88' lang='lat' dir='ltr'>clemen-</span> 
     </span>
     <span class='ocr_line' id='line_1_21' title="bbox 1302 818 1402 850; baseline 0.01 -1"><span class='ocrx_word' id='word_1_65' title='bbox 1302 818 1402 850; x_wconf 89' lang='lat' dir='ltr'>tiae.</span> 
     </span>
    </p>
   </div>
   <div class='ocr_carea' id='block_1_10' title="bbox 617 873 1111 906">
    <p class='ocr_par' dir='ltr' id='par_1_10' title="bbox 617 873 1111 906">
     <span class='ocr_line' id='line_1_22' title="bbox 617 873 1111 906; baseline 0 0"><span class='ocrx_word' id='word_1_66' title='bbox 617 875 648 906; x_wconf 83' lang='lat'>5.</span> <span class='ocrx_word' id='word_1_67' title='bbox 674 873 723 905; x_wconf 86' lang='lat' dir='ltr'>Sit</span> <span class='ocrx_word' id='word_1_68' title='bbox 745 873 815 905; x_wconf 86' lang='lat' dir='ltr'>laus</span> <span class='ocrx_word' id='word_1_69' title='bbox 839 873 896 904; x_wconf 91' lang='lat' dir='ltr'>uni</span> <span class='ocrx_word' id='word_1_70' title='bbox 917 874 1002 905; x_wconf 91' lang='lat' dir='ltr'>trino</span> <span class='ocrx_word' id='word_1_71' title='bbox 1030 873 1111 906; x_wconf 88' lang='lat' dir='ltr'>Deo.</span> 
     </span>
    </p>
   </div>
   <div class='ocr_carea' id='block_1_11' title="bbox 213 947 1533 1023">
    <p class='ocr_par' dir='ltr' id='par_1_11' title="bbox 213 947 1533 1023">
     <span class='ocr_line' id='line_1_23' title="bbox 288 947 1533 984; baseline 0.003 -11"><span class='ocrx_word' id='word_1_72' title='bbox 288 947 374 974; x_wconf 86' lang='lat' dir='ltr'>Brev.</span> <span class='ocrx_word' id='word_1_73' title='bbox 403 956 457 974; x_wconf 87' lang='lat' dir='ltr'>ms.</span> <span class='ocrx_word' id='word_1_74' title='bbox 480 947 622 975; x_wconf 62' lang='grc' dir='ltr'>βαι-131133</span> <span class='ocrx_word' id='word_1_75' title='bbox 646 957 722 976; x_wconf 87' lang='lat' dir='ltr'>saec.</span> <span class='ocrx_word' id='word_1_76' title='bbox 745 947 789 976; x_wconf 84' lang='lat'>15.</span> <span class='ocrx_word' id='word_1_77' title='bbox 833 948 902 976; x_wconf 77' lang='lat' dir='ltr'>Cori.</span> <span class='ocrx_word' id='word_1_78' title='bbox 929 949 1016 976; x_wconf 86' lang='lat' dir='ltr'>Arch.</span> <span class='ocrx_word' id='word_1_79' title='bbox 1043 948 1211 984; x_wconf 73' lang='lat' dir='ltr'>Sangallen.</span> <span class='ocrx_word' id='word_1_80' title='bbox 1236 949 1391 977; x_wconf 82' lang='lat' dir='ltr'>Fabarien.</span> <span class='ocrx_word' id='word_1_81' title='bbox 1416 950 1468 977; x_wconf 77' lang='lat' dir='ltr'>IX.</span> <span class='ocrx_word' id='word_1_82' title='bbox 1496 966 1533 970; x_wconf 89' lang='lat'>—</span> 
     </span>
     <span class='ocr_line' id='line_1_24' title="bbox 213 985 1071 1023; baseline 0.002 -12"><span class='ocrx_word' id='word_1_83' title='bbox 213 985 319 1012; x_wconf 86' lang='lat' dir='ltr'>Dieser</span> <span class='ocrx_word' id='word_1_84' title='bbox 339 985 479 1020; x_wconf 84' lang='lat' dir='ltr'>Hymnus</span> <span class='ocrx_word' id='word_1_85' title='bbox 500 987 541 1013; x_wconf 88' lang='lat' dir='ltr'>ist</span> <span class='ocrx_word' id='word_1_86' title='bbox 559 995 616 1014; x_wconf 86' lang='lat' dir='ltr'>nur</span> <span class='ocrx_word' id='word_1_87' title='bbox 642 987 708 1014; x_wconf 84' lang='lat' dir='ltr'>eine</span> <span class='ocrx_word' id='word_1_88' title='bbox 727 987 844 1014; x_wconf 86' lang='lat' dir='ltr'>Divisio</span> <span class='ocrx_word' id='word_1_89' title='bbox 868 987 918 1014; x_wconf 85' lang='lat' dir='ltr'>des</span> <span class='ocrx_word' id='word_1_90' title='bbox 939 988 1071 1023; x_wconf 83' lang='lat' dir='ltr'>vorigen.</span> 
     </span>
    </p>
   </div>
   <div class='ocr_carea' id='block_1_12' title="bbox 666 1106 1078 1212">
    <p class='ocr_par' dir='ltr' id='par_1_12' title="bbox 666 1106 1078 1212">
     <span class='ocr_line' id='line_1_25' title="bbox 666 1106 1078 1138; baseline -0.002 -1"><span class='ocrx_word' id='word_1_91' title='bbox 666 1106 729 1138; x_wconf 89' lang='grc'>491.</span> <span class='ocrx_word' id='word_1_92' title='bbox 759 1107 803 1138; x_wconf 84' lang='lat' dir='ltr'>De</span> <span class='ocrx_word' id='word_1_93' title='bbox 824 1108 932 1138; x_wconf 83' lang='lat' dir='ltr'>sancto</span> <span class='ocrx_word' id='word_1_94' title='bbox 955 1106 1078 1137; x_wconf 76' lang='lat' dir='ltr'>Thema.</span> 
     </span>
     <span class='ocr_line' id='line_1_26' title="bbox 717 1174 1032 1212; baseline -0.003 -9"><span class='ocrx_word' id='word_1_95' title='bbox 717 1174 765 1203; x_wconf 84' lang='lat' dir='ltr'>Ad</span> <span class='ocrx_word' id='word_1_96' title='bbox 790 1174 1032 1212; x_wconf 88' lang='lat' dir='ltr'>Completorium.</span> 
     </span>
    </p>
   </div>
   <div class='ocr_carea' id='block_1_13' title="bbox 216 1243 1445 1425">
    <p class='ocr_par' dir='ltr' id='par_1_13' title="bbox 216 1243 1445 1425">
     <span class='ocr_line' id='line_1_27' title="bbox 216 1243 718 1283; baseline -0.002 -7"><span class='ocrx_word' id='word_1_97' title='bbox 216 1244 247 1276; x_wconf 88' lang='lat'>1.</span> <span class='ocrx_word' id='word_1_98' title='bbox 275 1243 392 1275; x_wconf 84' lang='lat' dir='ltr'>Sancte</span> <span class='ocrx_word' id='word_1_99' title='bbox 417 1243 539 1275; x_wconf 88' lang='lat' dir='ltr'>Thoma</span> <span class='ocrx_word' id='word_1_100' title='bbox 564 1244 718 1283; x_wconf 87' lang='lat' dir='ltr'>apostole,</span> 
     </span>
     <span class='ocr_line' id='line_1_28' title="bbox 274 1290 1293 1330; baseline -0.001 -8"><span class='ocrx_word' id='word_1_101' title='bbox 274 1291 397 1322; x_wconf 87' lang='lat' dir='ltr'>Doctor</span> <span class='ocrx_word' id='word_1_102' title='bbox 422 1291 575 1323; x_wconf 86' lang='lat' dir='ltr'>Indorum</span> <span class='ocrx_word' id='word_1_103' title='bbox 599 1291 719 1330; x_wconf 87' lang='lat' dir='ltr'>inclite,</span> <span class='ocrx_word' id='word_1_104' title='bbox 962 1291 1124 1323; x_wconf 84' lang='lat' dir='ltr'>Pincerna</span> <span class='ocrx_word' id='word_1_105' title='bbox 1148 1290 1293 1329; x_wconf 88' lang='lat' dir='ltr'>alapacio</span> 
     </span>
     <span class='ocr_line' id='line_1_29' title="bbox 275 1336 1441 1379; baseline -0.002 -9"><span class='ocrx_word' id='word_1_106' title='bbox 275 1339 338 1371; x_wconf 87' lang='lat' dir='ltr'>Pro</span> <span class='ocrx_word' id='word_1_107' title='bbox 364 1337 456 1370; x_wconf 90' lang='lat' dir='ltr'>nobis</span> <span class='ocrx_word' id='word_1_108' title='bbox 483 1337 645 1370; x_wconf 85' lang='lat' dir='ltr'>Christum</span> <span class='ocrx_word' id='word_1_109' title='bbox 669 1339 774 1379; x_wconf 78' lang='lat' dir='ltr'>rogita</span> <span class='ocrx_word' id='word_1_110' title='bbox 960 1338 1085 1377; x_wconf 77' lang='lat' dir='ltr'>1nJuste</span> <span class='ocrx_word' id='word_1_111' title='bbox 1111 1338 1217 1369; x_wconf 84' lang='lat' dir='ltr'>caedit</span> <span class='ocrx_word' id='word_1_112' title='bbox 1243 1340 1275 1368; x_wconf 95' lang='lat' dir='ltr'>et</span> <span class='ocrx_word' id='word_1_113' title='bbox 1298 1336 1441 1379; x_wconf 84' lang='lat' dir='ltr'>probrat,</span> 
     </span>
     <span class='ocr_line' id='line_1_30' title="bbox 273 1384 1445 1425; baseline 0 -8"><span class='ocrx_word' id='word_1_114' title='bbox 273 1387 338 1418; x_wconf 88' lang='lat' dir='ltr'>Per</span> <span class='ocrx_word' id='word_1_115' title='bbox 362 1395 421 1417; x_wconf 88' lang='lat' dir='ltr'>sua</span> <span class='ocrx_word' id='word_1_116' title='bbox 443 1394 537 1417; x_wconf 87' lang='lat' dir='ltr'>sacra</span> <span class='ocrx_word' id='word_1_117' title='bbox 560 1386 703 1418; x_wconf 87' lang='lat' dir='ltr'>vulnera.</span> <span class='ocrx_word' id='word_1_118' title='bbox 961 1385 1034 1417; x_wconf 88' lang='lat' dir='ltr'>Hoc</span> <span class='ocrx_word' id='word_1_119' title='bbox 1057 1385 1145 1417; x_wconf 86' lang='lat' dir='ltr'>Deus</span> <span class='ocrx_word' id='word_1_120' title='bbox 1172 1385 1268 1425; x_wconf 86' lang='lat' dir='ltr'>digne</span> <span class='ocrx_word' id='word_1_121' title='bbox 1291 1384 1445 1417; x_wconf 84' lang='lat' dir='ltr'>vindicat.</span> 
     </span>
    </p>
   </div>
   <div class='ocr_carea' id='block_1_14' title="bbox 214 1441 1491 1625">
    <p class='ocr_par' dir='ltr' id='par_1_14' title="bbox 214 1441 1491 1625">
     <span class='ocr_line' id='line_1_31' title="bbox 214 1441 1374 1482; baseline -0.003 -7"><span class='ocrx_word' id='word_1_122' title='bbox 214 1445 246 1475; x_wconf 81' lang='lat'>2.</span> <span class='ocrx_word' id='word_1_123' title='bbox 275 1441 455 1475; x_wconf 79' lang='lat' dir='ltr'>Glorificati</span> <span class='ocrx_word' id='word_1_124' title='bbox 481 1442 623 1482; x_wconf 82' lang='lat' dir='ltr'>corporis</span> <span class='ocrx_word' id='word_1_125' title='bbox 904 1443 936 1475; x_wconf 89' lang='grc'>6.</span> <span class='ocrx_word' id='word_1_126' title='bbox 962 1441 1068 1482; x_wconf 86' lang='lat' dir='ltr'>Signis</span> <span class='ocrx_word' id='word_1_127' title='bbox 1092 1450 1240 1473; x_wconf 84' lang='lat' dir='ltr'>coruscas</span> <span class='ocrx_word' id='word_1_128' title='bbox 1265 1441 1374 1480; x_wconf 75' lang='lat' dir='ltr'>variis,</span> 
     </span>
     <span class='ocr_line' id='line_1_32' title="bbox 274 1488 1416 1530; baseline -0.003 -8"><span class='ocrx_word' id='word_1_129' title='bbox 274 1491 397 1522; x_wconf 86' lang='lat' dir='ltr'>Vulnus</span> <span class='ocrx_word' id='word_1_130' title='bbox 425 1490 499 1522; x_wconf 90' lang='lat' dir='ltr'>dum</span> <span class='ocrx_word' id='word_1_131' title='bbox 524 1490 629 1530; x_wconf 85' lang='lat' dir='ltr'>tangis</span> <span class='ocrx_word' id='word_1_132' title='bbox 657 1490 774 1530; x_wconf 84' lang='lat' dir='ltr'>digitis,</span> <span class='ocrx_word' id='word_1_133' title='bbox 962 1489 1076 1521; x_wconf 87' lang='lat' dir='ltr'>Multis</span> <span class='ocrx_word' id='word_1_134' title='bbox 1102 1497 1225 1529; x_wconf 89' lang='lat' dir='ltr'>quoque</span> <span class='ocrx_word' id='word_1_135' title='bbox 1249 1488 1416 1528; x_wconf 83' lang='lat' dir='ltr'>prodigiis,</span> 
     </span>
     <span class='ocr_line' id='line_1_33' title="bbox 272 1535 1491 1577; baseline -0.002 -8"><span class='ocrx_word' id='word_1_136' title='bbox 272 1538 461 1570; x_wconf 86' lang='lat' dir='ltr'>Divinitatis</span> <span class='ocrx_word' id='word_1_137' title='bbox 484 1537 634 1577; x_wconf 80' lang='lat' dir='ltr'>abyssum</span> <span class='ocrx_word' id='word_1_138' title='bbox 962 1536 1048 1568; x_wconf 91' lang='lat' dir='ltr'>Dum</span> <span class='ocrx_word' id='word_1_139' title='bbox 1073 1545 1182 1577; x_wconf 83' lang='lat' dir='ltr'>regem</span> <span class='ocrx_word' id='word_1_140' title='bbox 1207 1535 1289 1568; x_wconf 84' lang='lat' dir='ltr'>facis</span> <span class='ocrx_word' id='word_1_141' title='bbox 1315 1536 1491 1575; x_wconf 85' lang='lat' dir='ltr'>credulum,</span> 
     </span>
     <span class='ocr_line' id='line_1_34' title="bbox 272 1583 1463 1625; baseline -0.003 -7"><span class='ocrx_word' id='word_1_142' title='bbox 272 1585 420 1618; x_wconf 84' lang='lat' dir='ltr'>Hausisti</span> <span class='ocrx_word' id='word_1_143' title='bbox 445 1588 541 1625; x_wconf 83' lang='lat' dir='ltr'>atque</span> <span class='ocrx_word' id='word_1_144' title='bbox 565 1583 771 1624; x_wconf 81' lang='lat' dir='ltr'>profundum.</span> <span class='ocrx_word' id='word_1_145' title='bbox 963 1584 1120 1624; x_wconf 86' lang='lat' dir='ltr'>Sponsam</span> <span class='ocrx_word' id='word_1_146' title='bbox 1146 1584 1213 1623; x_wconf 74' lang='lat' dir='ltr'>eJ&#39;us</span> <span class='ocrx_word' id='word_1_147' title='bbox 1239 1592 1277 1615; x_wconf 89' lang='lat' dir='ltr'>ac</span> <span class='ocrx_word' id='word_1_148' title='bbox 1300 1584 1463 1623; x_wconf 89' lang='lat' dir='ltr'>populum.</span> 
     </span>
    </p>
   </div>
   <div class='ocr_carea' id='block_1_15' title="bbox 214 1640 1500 1824">
    <p class='ocr_par' dir='ltr' id='par_1_15' title="bbox 214 1640 1500 1824">
     <span class='ocr_line' id='line_1_35' title="bbox 214 1640 1411 1682; baseline -0.005 -5"><span class='ocrx_word' id='word_1_149' title='bbox 214 1645 244 1677; x_wconf 80' lang='lat'>3.</span> <span class='ocrx_word' id='word_1_150' title='bbox 272 1643 359 1676; x_wconf 89' lang='lat' dir='ltr'>Hinc</span> <span class='ocrx_word' id='word_1_151' title='bbox 382 1642 579 1682; x_wconf 86' lang='lat' dir='ltr'>resurgentis</span> <span class='ocrx_word' id='word_1_152' title='bbox 603 1642 712 1682; x_wconf 84' lang='lat' dir='ltr'>itaque</span> <span class='ocrx_word' id='word_1_153' title='bbox 905 1643 935 1675; x_wconf 87' lang='lat'>7.</span> <span class='ocrx_word' id='word_1_154' title='bbox 964 1641 1079 1674; x_wconf 86' lang='lat' dir='ltr'>Omnes</span> <span class='ocrx_word' id='word_1_155' title='bbox 1105 1641 1225 1672; x_wconf 84' lang='lat' dir='ltr'>curasti</span> <span class='ocrx_word' id='word_1_156' title='bbox 1248 1640 1411 1680; x_wconf 88' lang='lat' dir='ltr'>larguidos</span> 
     </span>
     <span class='ocr_line' id='line_1_36' title="bbox 272 1689 1368 1730; baseline -0.003 -8"><span class='ocrx_word' id='word_1_157' title='bbox 272 1691 318 1723; x_wconf 88' lang='lat' dir='ltr'>Es</span> <span class='ocrx_word' id='word_1_158' title='bbox 343 1690 435 1721; x_wconf 86' lang='lat' dir='ltr'>testis</span> <span class='ocrx_word' id='word_1_159' title='bbox 463 1690 729 1729; x_wconf 82' lang='lat' dir='ltr'>constantissime,</span> <span class='ocrx_word' id='word_1_160' title='bbox 962 1689 1007 1720; x_wconf 87' lang='lat' dir='ltr'>Et</span> <span class='ocrx_word' id='word_1_161' title='bbox 1031 1689 1193 1720; x_wconf 85' lang='lat' dir='ltr'>suscitasti</span> <span class='ocrx_word' id='word_1_162' title='bbox 1216 1691 1368 1730; x_wconf 82' lang='lat' dir='ltr'>mortuos,</span> 
     </span>
     <span class='ocr_line' id='line_1_37' title="bbox 272 1735 1452 1778; baseline -0.001 -9"><span class='ocrx_word' id='word_1_163' title='bbox 272 1739 303 1770; x_wconf 90' lang='lat' dir='ltr'>A</span> <span class='ocrx_word' id='word_1_164' title='bbox 328 1737 469 1778; x_wconf 89' lang='lat' dir='ltr'>peccatis</span> <span class='ocrx_word' id='word_1_165' title='bbox 494 1746 552 1768; x_wconf 90' lang='lat' dir='ltr'>nos</span> <span class='ocrx_word' id='word_1_166' title='bbox 578 1745 719 1777; x_wconf 85' lang='lat' dir='ltr'>surgere,</span> <span class='ocrx_word' id='word_1_167' title='bbox 965 1735 1121 1769; x_wconf 87' lang='lat' dir='ltr'>Obsessos</span> <span class='ocrx_word' id='word_1_168' title='bbox 1148 1737 1274 1768; x_wconf 89' lang='lat' dir='ltr'>solvens</span> <span class='ocrx_word' id='word_1_169' title='bbox 1298 1736 1452 1768; x_wconf 84' lang='lat' dir='ltr'>homines.</span> 
     </span>
     <span class='ocr_line' id='line_1_38' title="bbox 274 1783 1500 1824; baseline -0.001 -7"><span class='ocrx_word' id='word_1_170' title='bbox 274 1786 419 1818; x_wconf 86' lang='lat' dir='ltr'>Virtutes</span> <span class='ocrx_word' id='word_1_171' title='bbox 446 1783 499 1816; x_wconf 85' lang='lat' dir='ltr'>fac</span> <span class='ocrx_word' id='word_1_172' title='bbox 521 1783 689 1824; x_wconf 81' lang='lat' dir='ltr'>perficere.</span> <span class='ocrx_word' id='word_1_173' title='bbox 966 1783 1103 1816; x_wconf 85' lang='lat' dir='ltr'>Cunctos</span> <span class='ocrx_word' id='word_1_174' title='bbox 1130 1784 1293 1823; x_wconf 87' lang='lat' dir='ltr'>depellens</span> <span class='ocrx_word' id='word_1_175' title='bbox 1320 1783 1500 1816; x_wconf 89' lang='lat' dir='ltr'>daemones.</span> 
     </span>
    </p>
   </div>
   <div class='ocr_carea' id='block_1_16' title="bbox 213 1840 1476 2026">
    <p class='ocr_par' dir='ltr' id='par_1_16' title="bbox 213 1840 1476 2026">
     <span class='ocr_line' id='line_1_39' title="bbox 213 1840 1313 1881; baseline -0.005 -4"><span class='ocrx_word' id='word_1_176' title='bbox 213 1848 246 1877; x_wconf 90' lang='lat'>4.</span> <span class='ocrx_word' id='word_1_177' title='bbox 272 1843 419 1877; x_wconf 85' lang='lat' dir='ltr'>Christus</span> <span class='ocrx_word' id='word_1_178' title='bbox 444 1844 477 1873; x_wconf 87' lang='lat' dir='ltr'>te</span> <span class='ocrx_word' id='word_1_179' title='bbox 501 1841 589 1873; x_wconf 87' lang='lat' dir='ltr'>misit</span> <span class='ocrx_word' id='word_1_180' title='bbox 611 1849 752 1881; x_wconf 88' lang='lat' dir='ltr'>propere</span> <span class='ocrx_word' id='word_1_181' title='bbox 905 1842 937 1874; x_wconf 84' lang='lat'>8.</span> <span class='ocrx_word' id='word_1_182' title='bbox 965 1841 1013 1873; x_wconf 88' lang='lat' dir='ltr'>Sit</span> <span class='ocrx_word' id='word_1_183' title='bbox 1038 1840 1177 1872; x_wconf 83' lang='lat' dir='ltr'>trinitati</span> <span class='ocrx_word' id='word_1_184' title='bbox 1201 1840 1313 1881; x_wconf 86' lang='lat' dir='ltr'>gloria,</span> 
     </span>
     <span class='ocr_line' id='line_1_40' title="bbox 274 1887 1425 1929; baseline -0.004 -6"><span class='ocrx_word' id='word_1_185' title='bbox 274 1892 353 1924; x_wconf 90' lang='lat' dir='ltr'>Cum</span> <span class='ocrx_word' id='word_1_186' title='bbox 378 1889 515 1922; x_wconf 88' lang='lat' dir='ltr'>Abbane</span> <span class='ocrx_word' id='word_1_187' title='bbox 541 1889 747 1929; x_wconf 85' lang='lat' dir='ltr'>descendere,</span> <span class='ocrx_word' id='word_1_188' title='bbox 964 1887 1060 1927; x_wconf 86' lang='lat' dir='ltr'>Laus,</span> <span class='ocrx_word' id='word_1_189' title='bbox 1087 1888 1189 1920; x_wconf 89' lang='lat' dir='ltr'>honor</span> <span class='ocrx_word' id='word_1_190' title='bbox 1214 1890 1246 1919; x_wconf 81' lang='lat' dir='ltr'>et</span> <span class='ocrx_word' id='word_1_191' title='bbox 1269 1887 1425 1927; x_wconf 87' lang='lat' dir='ltr'>potentia,</span> 
     </span>
     <span class='ocr_line' id='line_1_41' title="bbox 272 1935 1476 1979; baseline -0.003 -9"><span class='ocrx_word' id='word_1_192' title='bbox 272 1938 435 1971; x_wconf 86' lang='lat' dir='ltr'>Palatium</span> <span class='ocrx_word' id='word_1_193' title='bbox 462 1940 656 1979; x_wconf 86' lang='lat' dir='ltr'>construere,</span> <span class='ocrx_word' id='word_1_194' title='bbox 962 1935 1009 1968; x_wconf 83' lang='lat' dir='ltr'>Ut</span> <span class='ocrx_word' id='word_1_195' title='bbox 1032 1936 1135 1967; x_wconf 58' lang='lat' dir='ltr'>:sancti</span> <span class='ocrx_word' id='word_1_196' title='bbox 1160 1935 1302 1967; x_wconf 87' lang='lat' dir='ltr'>Thomae</span> <span class='ocrx_word' id='word_1_197' title='bbox 1325 1935 1476 1975; x_wconf 89' lang='lat' dir='ltr'>precibus</span> 
     </span>
     <span class='ocr_line' id='line_1_42' title="bbox 273 1983 1406 2026; baseline -0.004 -8"><span class='ocrx_word' id='word_1_198' title='bbox 273 1987 364 2026; x_wconf 78' lang='lat' dir='ltr'>Quod</span> <span class='ocrx_word' id='word_1_199' title='bbox 389 1984 556 2026; x_wconf 86' lang='lat' dir='ltr'>perfecisti</span> <span class='ocrx_word' id='word_1_200' title='bbox 581 1985 715 2018; x_wconf 82' lang='lat' dir='ltr'>coelice:</span> <span class='ocrx_word' id='word_1_201' title='bbox 962 1984 1139 2024; x_wconf 87' lang='lat' dir='ltr'>Jungamur</span> <span class='ocrx_word' id='word_1_202' title='bbox 1164 1983 1245 2015; x_wconf 86' lang='lat' dir='ltr'>coeli</span> <span class='ocrx_word' id='word_1_203' title='bbox 1272 1983 1406 2015; x_wconf 85' lang='lat' dir='ltr'>civibus.</span> 
     </span>
    </p>
   </div>
   <div class='ocr_carea' id='block_1_17' title="bbox 904 1243 1344 1283">
    <p class='ocr_par' dir='ltr' id='par_1_17' title="bbox 904 1243 1344 1283">
     <span class='ocr_line' id='line_1_43' title="bbox 904 1243 1344 1283; baseline -0.002 -7"><span class='ocrx_word' id='word_1_204' title='bbox 904 1245 936 1278; x_wconf 86' lang='lat'>5.</span> <span class='ocrx_word' id='word_1_205' title='bbox 962 1243 1005 1275; x_wconf 89' lang='lat' dir='ltr'>Et</span> <span class='ocrx_word' id='word_1_206' title='bbox 1031 1243 1116 1283; x_wconf 85' lang='lat' dir='ltr'>regis</span> <span class='ocrx_word' id='word_1_207' title='bbox 1140 1243 1173 1274; x_wconf 91' lang='lat' dir='ltr'>in</span> <span class='ocrx_word' id='word_1_208' title='bbox 1200 1243 1344 1275; x_wconf 88' lang='lat' dir='ltr'>convivio</span> 
     </span>
    </p>
   </div>
   <div class='ocr_carea' id='block_1_18' title="bbox 210 2055 1534 2135">
    <p class='ocr_par' dir='ltr' id='par_1_18' title="bbox 210 2055 1534 2135">
     <span class='ocr_line' id='line_1_44' title="bbox 287 2055 1534 2096; baseline -0.005 -6"><span class='ocrx_word' id='word_1_209' title='bbox 287 2062 379 2090; x_wconf 83' lang='lat' dir='ltr'>Psalt.</span> <span class='ocrx_word' id='word_1_210' title='bbox 405 2070 460 2089; x_wconf 91' lang='lat' dir='ltr'>ms.</span> <span class='ocrx_word' id='word_1_211' title='bbox 488 2060 517 2088; x_wconf 83' lang='lat' dir='ltr'>S.</span> <span class='ocrx_word' id='word_1_212' title='bbox 540 2061 670 2096; x_wconf 82' lang='lat' dir='ltr'>Wiperti</span> <span class='ocrx_word' id='word_1_213' title='bbox 698 2068 774 2087; x_wconf 79' lang='lat' dir='ltr'>saec.</span> <span class='ocrx_word' id='word_1_214' title='bbox 796 2057 841 2087; x_wconf 86' lang='lat'>15.</span> <span class='ocrx_word' id='word_1_215' title='bbox 882 2059 952 2087; x_wconf 89' lang='lat' dir='ltr'>Cod.</span> <span class='ocrx_word' id='word_1_216' title='bbox 975 2058 1222 2095; x_wconf 66' lang='lat' dir='ltr'>quedlinburgen.</span> <span class='ocrx_word' id='word_1_217' title='bbox 1251 2055 1314 2085; x_wconf 75' lang='lat'>130.</span> <span class='ocrx_word' id='word_1_218' title='bbox 1342 2072 1380 2076; x_wconf 89' lang='lat'><strong>—</strong></span> <span class='ocrx_word' id='word_1_219' title='bbox 1407 2055 1438 2090; x_wconf 80' lang='lat'>5,</span> <span class='ocrx_word' id='word_1_220' title='bbox 1466 2055 1484 2085; x_wconf 86' lang='lat'><strong>3</strong></span> <span class='ocrx_word' id='word_1_221' title='bbox 1504 2060 1534 2085; x_wconf 88' lang='lat' dir='ltr'>te</span> 
     </span>
     <span class='ocr_line' id='line_1_45' title="bbox 210 2097 989 2135; baseline -0.008 -5"><span class='ocrx_word' id='word_1_222' title='bbox 210 2102 316 2130; x_wconf 84' lang='lat' dir='ltr'>caedit.</span> <span class='ocrx_word' id='word_1_223' title='bbox 338 2115 374 2119; x_wconf 94' lang='lat'>—-—</span> <span class='ocrx_word' id='word_1_224' title='bbox 396 2099 421 2134; x_wconf 91' lang='lat'>6,</span> <span class='ocrx_word' id='word_1_225' title='bbox 442 2097 463 2127; x_wconf 86' lang='lat'>4</span> <span class='ocrx_word' id='word_1_226' title='bbox 482 2098 629 2135; x_wconf 83' lang='lat' dir='ltr'>Sponsam</span> <span class='ocrx_word' id='word_1_227' title='bbox 651 2098 712 2134; x_wconf 82' lang='lat' dir='ltr'>ejus</span> <span class='ocrx_word' id='word_1_228' title='bbox 734 2100 823 2135; x_wconf 83' lang='lat' dir='ltr'>atque</span> <span class='ocrx_word' id='word_1_229' title='bbox 842 2106 989 2134; x_wconf 87' lang='lat' dir='ltr'>sponsam.</span> 
     </span>
    </p>
   </div>
   <div class='ocr_carea' id='block_1_19' title="bbox 591 2217 1160 2252">
    <p class='ocr_par' dir='ltr' id='par_1_19' title="bbox 591 2217 1160 2252">
     <span class='ocr_line' id='line_1_46' title="bbox 591 2217 1160 2252; baseline -0.005 0"><span class='ocrx_word' id='word_1_230' title='bbox 591 2221 661 2252; x_wconf 84' lang='grc'>492.</span> <span class='ocrx_word' id='word_1_231' title='bbox 693 2220 735 2251; x_wconf 86' lang='lat' dir='ltr'>De</span> <span class='ocrx_word' id='word_1_232' title='bbox 754 2228 778 2251; x_wconf 89' lang='lat' dir='ltr'>s.</span> <span class='ocrx_word' id='word_1_233' title='bbox 796 2219 912 2250; x_wconf 83' lang='lat' dir='ltr'>&#39;I&#39;homa</span> <span class='ocrx_word' id='word_1_234' title='bbox 933 2217 1160 2250; x_wconf 76' lang='lat' dir='ltr'>cantuariensi.</span> 
     </span>
    </p>
   </div>
   <div class='ocr_carea' id='block_1_20' title="bbox 504 2289 1212 2469">
    <p class='ocr_par' dir='ltr' id='par_1_20' title="bbox 504 2289 1212 2426">
     <span class='ocr_line' id='line_1_47' title="bbox 504 2289 1151 2332; baseline -0.008 -6"><span class='ocrx_word' id='word_1_235' title='bbox 504 2294 534 2327; x_wconf 87' lang='lat'>1.</span> <span class='ocrx_word' id='word_1_236' title='bbox 561 2292 654 2325; x_wconf 84' lang='lat' dir='ltr'>Beati</span> <span class='ocrx_word' id='word_1_237' title='bbox 678 2290 837 2332; x_wconf 86' lang='lat' dir='ltr'>praesulis</span> <span class='ocrx_word' id='word_1_238' title='bbox 863 2289 946 2322; x_wconf 84' lang='lat' dir='ltr'>festa</span> <span class='ocrx_word' id='word_1_239' title='bbox 969 2290 1151 2330; x_wconf 85' lang='lat' dir='ltr'>praeconia,</span> 
     </span>
     <span class='ocr_line' id='line_1_48' title="bbox 560 2336 1212 2381; baseline -0.006 -8"><span class='ocrx_word' id='word_1_240' title='bbox 560 2341 621 2381; x_wconf 85' lang='lat' dir='ltr'>Qui</span> <span class='ocrx_word' id='word_1_241' title='bbox 644 2343 695 2372; x_wconf 88' lang='lat' dir='ltr'>tot</span> <span class='ocrx_word' id='word_1_242' title='bbox 717 2338 881 2371; x_wconf 87' lang='lat' dir='ltr'>miraculis</span> <span class='ocrx_word' id='word_1_243' title='bbox 906 2336 1009 2379; x_wconf 85' lang='lat' dir='ltr'>fulget</span> <span class='ocrx_word' id='word_1_244' title='bbox 1029 2338 1064 2370; x_wconf 90' lang='lat' dir='ltr'>in</span> <span class='ocrx_word' id='word_1_245' title='bbox 1090 2337 1212 2377; x_wconf 84' lang='lat' dir='ltr'>Cantia‚</span> 
     </span>
     <span class='ocr_line' id='line_1_49' title="bbox 561 2386 1205 2426; baseline -0.006 -5"><span class='ocrx_word' id='word_1_246' title='bbox 561 2388 727 2421; x_wconf 87' lang='lat' dir='ltr'>Laudibus</span> <span class='ocrx_word' id='word_1_247' title='bbox 755 2386 875 2418; x_wconf 89' lang='lat' dir='ltr'>sedulis</span> <span class='ocrx_word' id='word_1_248' title='bbox 901 2388 998 2426; x_wconf 84' lang='lat' dir='ltr'>atque</span> <span class='ocrx_word' id='word_1_249' title='bbox 1022 2386 1205 2426; x_wconf 89' lang='lat' dir='ltr'>psalmodia</span> 
     </span>
    </p>

    <p class='ocr_par' dir='ltr' id='par_1_21' title="bbox 608 2434 1017 2469">
     <span class='ocr_line' id='line_1_50' title="bbox 608 2434 1017 2469; baseline -0.002 0"><span class='ocrx_word' id='word_1_250' title='bbox 608 2436 702 2469; x_wconf 87' lang='lat' dir='ltr'>Laeti</span> <span class='ocrx_word' id='word_1_251' title='bbox 733 2443 884 2467; x_wconf 87' lang='lat' dir='ltr'>canamus</span> <span class='ocrx_word' id='word_1_252' title='bbox 908 2434 1017 2468; x_wconf 90' lang='lat' dir='ltr'>hodie.</span> 
     </span>
    </p>
   </div>
  </div>
 </body>
</html>
