1653 2637
805 119 874 155 273

635 222 704 253 483.
733 222 777 253 De
797 224 903 255 sancto
924 222 1051 264 Tegqu.

720 289 768 318 Ad
787 290 975 320 Matutinum.

184 352 219 385 1.
244 352 395 385 Exsultat
420 355 495 388 aula
520 357 650 398 coelica,

242 399 398 433 Laetetur
421 402 630 444 Hipporegia‚

243 446 330 479 Dum
354 448 457 481 refert
480 451 574 484 nobis
599 454 706 485 orbita

244 495 358 535 Teguli
382 499 573 537 patrocinia.

210 577 218 584 .
245 551 310 583 Hic
339 554 452 586 doctus
475 555 510 587 in
534 554 672 589 infant-ia

248 599 369 633 Christi
394 604 506 634 tenens
531 604 667 644 vestigia

243 647 311 679 Dat
333 649 487 681 virtutum
512 651 689 690 primordia

243 695 334 727 Inter
357 696 443 728 orbis
469 698 653 737 crepundia.

241 751 292 783 De
316 751 538 785 Thebaeorum
562 756 689 794 agmine

240 797 382 831 Refulsit
406 800 460 831 hic
483 800 618 833 mirifice

240 845 381 878 Mortem
405 847 546 880 libenter
570 850 730 881 sustinens

242 894 340 926 Velut
364 903 464 935 agnus
489 897 536 928 sic
559 896 723 929 innocens,

257 969 343 996 Brev.
373 978 427 997 ms.
453 969 691 1006 Hipporegiense
721 980 738 999 a

183 1005 215 1042 1,
237 1005 255 1033 2
275 1008 447 1044 ypporegia.
467 1022 506 1027 -—
528 1006 552 1041 l,
572 1007 592 1036 4
611 1009 737 1045 Theguli

182 1045 336 1081 abgefasst‚
358 1055 415 1073 nur
435 1045 488 1073 das
507 1046 595 1081 Resp.
620 1047 672 1075 der
691 1046 718 1075 9.

561 1082 735 1113 Reverendo

875 361 906 393 4.
933 360 958 392 O
985 360 1166 391 venerande
1189 359 1220 390 T
1223 359 1322 402 egule,

934 408 958 440 O
984 408 1107 447 martyr
1131 406 1193 438 Dei
1217 407 1337 445 inclite,

935 454 1075 495 Cunctis,
1102 454 1156 494 qui
1182 455 1278 486 corde
1304 452 1434 485 credulo

932 502 979 533 Te
1003 504 1138 541 poscunt
1162 502 1196 533 in
1220 501 1376 541 periculo,

899 582 906 589 .
932 557 1036 590 Aufer
1060 559 1171 590 mortis
1197 557 1376 600 dispendia,

935 604 1051 638 Confer
1077 606 1161 638 vitae
1185 606 1337 645 remedia,

931 653 998 692 Quo
1022 656 1097 692 post
1121 653 1224 684 carnis
1250 652 1362 684 exsilia

932 700 1051 732 Tecum
1075 701 1173 732 simus
1196 700 1230 732 in
1255 699 1366 741 gloria.

895 780 904 787 ,
931 757 1074 795 Praesta,
1100 758 1193 796 pater
1215 755 1369 796 ingenite,

932 803 1009 835 Jesu
1035 811 1105 834 cum
1130 805 1239 835 sancto
1265 801 1401 843 fiamine,

931 850 978 883 Ut
1001 850 1094 889 huJus
1119 850 1222 882 sancti
1244 850 1392 889 precibus

930 897 1086 929 Locemur
1109 898 1145 929 in
1170 897 1369 929 coelestibus.

739 974 791 999 nni
818 969 901 999 1488.
949 971 1018 999 Ood.
1046 971 1140 1008 Capit⁴
1164 971 1375 1007 Hipporegien.
1406 970 1433 999 9.
1458 985 1496 989 -

741 1030 747 1036 .
770 1024 804 1029 ——
824 1010 887 1037 Das
909 1009 1043 1038 Officium
1063 1009 1114 1037 des
1135 1009 1274 1045 Heiligen
1292 1010 1333 1036 ist
1350 1011 1383 1037 in
1402 1010 1496 1037 Prosa

737 1047 868 1076 Lektion
886 1049 920 1074 in
938 1047 1126 1084 gebundener
1144 1047 1240 1075 Rede:

754 1084 954 1119 Vuarmundo,

562 1123 698 1151 Antistiti
717 1126 778 1151 tam
794 1123 934 1159 jucundo,

564 1160 694 1189 Coclitus
715 1164 761 1189 est
778 1161 949 1194 revelatum,

562 1199 605 1227 Ut
622 1199 702 1227 hunc
720 1208 734 1226 s

737 1203 854 1227 anctum
875 1201 998 1234 quaerat
1014 1202 1146 1235 gratum;

564 1237 657 1271 Quem
677 1246 744 1264 cum
763 1238 832 1265 inde
851 1238 1017 1273 recepisset,

563 1274 669 1303 Secum
693 1284 811 1312 quoque
833 1274 996 1310 detulisset,

566 1312 638 1340 Cum
659 1315 734 1341 comi

736 1314 801 1341 tiva
818 1313 972 1349 plaudenti

563 1351 802 1387 Clericorumque
819 1351 960 1388 psallenti

560 1389 605 1416 Ad
627 1391 778 1417 civitatem
796 1391 908 1426 regiam

558 1425 775 1462 Porta(ve)runt
793 1428 1022 1463 Hippcregiam3

559 1465 639 1501 Ergo
660 1465 769 1502 plaude
785 1464 982 1501 jucundanter

557 1504 657 1538 Atque
675 1503 770 1539 psalle
789 1504 964 1531 festivanter

558 1542 605 1568 De
624 1545 685 1569 tam
706 1542 821 1570 excelso
841 1543 965 1577 patrono

559 1579 630 1607 Tibi
650 1580 717 1607 dato

738 1580 773 1607 de
794 1580 871 1608 coeli
890 1579 1006 1607 throno.

620 1701 689 1732 484.
721 1700 766 1732 De
785 1701 893 1732 sancto
915 1700 1043 1741 Tegulo.

173 1856 202 1889 1.
228 1855 339 1896 Longo
365 1855 534 1888 tendentes
560 1857 689 1888 tramite

227 1904 375 1936 Fuerunt
398 1903 514 1936 turbae
538 1904 661 1948 obviae,

230 1951 354 1983 Morbis
380 1951 503 1984 obsessi
531 1952 628 1985 variis

228 2000 380 2032 Petentes
405 1999 497 2039 signa
519 2000 681 2039 martyris.

225 2058 397 2091 Dicentes:
424 2060 558 2101 martyr,
585 2058 720 2098 respice,

226 2105 346 2146 Magno
374 2114 452 2145 quos
479 2105 584 2137 carnis
609 2106 754 2146 pondere

227 2153 387 2186 Gravatos
412 2153 600 2193 pestilentia

226 2200 387 2235 Refoveas
414 2201 595 2233 clementia.

191 2282 198 2290 .
223 2259 366 2292 Subveni
390 2258 482 2291 nobis
506 2258 634 2291 miseris

227 2307 305 2340 Cum
329 2307 481 2347 precibus
506 2307 728 2349 sanctissimis,

225 2354 285 2394 Qui
311 2354 475 2387 coronaris
499 2355 612 2396 gloria,

225 2400 345 2435 Confer
369 2402 481 2435 salutis
506 2412 649 2436 munera.

224 2462 358 2489 Drevos,
373 2461 463 2491 Hymni
476 2461 576 2485 Inedifi.
603 2461 636 2486 Π.

733 1778 782 1808 Ad
801 1777 929 1808 Laudes.

862 1857 894 1889 4.
921 1856 1017 1889 Solve
1043 1855 1158 1896 ligatos
1183 1854 1320 1887 vinculis

919 1904 1047 1944 Rogans
1070 1903 1230 1935 custodem
1256 1902 1374 1944 operm,

919 1951 1059 1991 Deterge
1084 1951 1199 1983 mentis
1223 1950 1382 1991 tenebras,

921 1999 1092 2040 Restringe
1118 2007 1210 2030 curas
1235 1998 1357 2030 noxias

918 2058 989 2097 Age
1011 2056 1161 2089 misertus
1186 2056 1336 2095 precibus

919 2105 1051 2137 Donans
1077 2105 1213 2136 salutem
1237 2103 1394 2144 pluribus,

920 2153 1047 2185 Pestem
1072 2152 1217 2192 depellas
1245 2161 1423 2192 corporum,

918 2200 969 2233 Da
994 2200 1108 2233 salutis
1133 2200 1320 2233 remedium.

918 2259 942 2291 O
968 2261 1093 2299 martyr
1118 2258 1250 2298 Christi,
1275 2257 1446 2298 poscimus,

917 2306 1074 2338 Succurre
1098 2305 1343 2346 postulantibus,

915 2354 999 2386 Nam
1029 2362 1088 2393 pro
1113 2354 1231 2386 nostris
1257 2353 1440 2385 excessibus

917 2401 1086 2434 &ementes
1112 2409 1223 2442 preces
1248 2400 1420 2433 fundimus.

1281 2456 1317 2486 1&

862 2059 893 2091 5.
