1653 2637
685 141 731 146 —
781 121 848 158 105

607 213 670 248 164.
699 215 744 247 De
763 217 872 248 saneto
893 215 1035 257 Aegidio.

156 296 185 330 1.
216 294 339 335 Gaude,
368 294 473 328 fidelis
500 296 620 336 concio,

214 343 332 375 Sancto
356 343 514 383 plaudens
537 344 685 387 Aegidio‚

213 391 294 430 Ejus
319 399 457 431 namque
481 392 636 423 solemnia

213 437 313 470 Sacra
339 438 416 470 colit
441 439 587 472 ecclesia.

155 497 188 528 2.
217 493 390 528 confessor
413 498 463 528 est
488 496 622 528 eximius
844 497 875 529 6.

214 542 334 576 Christi
359 546 489 576 sanctus
514 544 680 584 Aegidius,

215 590 315 630 Quem
340 591 512 624 oriundum
534 592 671 625 Graecia

217 638 278 670 Dei
302 638 455 672 lustravit
479 640 593 680 gratia.

156 697 187 729 3.
214 695 448 728 Laudabuntur
475 705 535 736 per
559 697 688 728 saecula
843 697 874 728 7.

213 743 356 775 Virtutes
381 745 414 774 et
437 743 602 783 miracula,

213 792 300 831 Quae
326 790 437 823 divina
461 791 607 831 potentia

213 838 360 870 Patravit
384 838 424 870 ab
449 837 596 871 infantia.

152 896 184 928 4.
210 895 336 927 Aetatis
361 904 442 934 puer
466 898 597 928 tenerae
841 896 873 928 8.

212 943 289 975 Viro
313 943 479 983 languenti
502 944 619 975 misere

213 990 339 1022 Vestem
366 990 467 1031 dedit,
493 991 637 1023 remedia

211 1038 276 1071 Per
301 1046 396 1077 qnam
423 1039 509 1078 cepit
533 1037 686 1071 salubria.

845 297 877 329 5.

903 297 967 329 Per
991 297 1077 329 hunc
1101 297 1202 330 omnis
1226 297 1396 331 infirmitas

903 344 1010 385 Fugit,
1039 344 1136 377 cessit
1159 345 1324 387 sterilitas,

901 392 1104 432 Recuperata
1130 394 1222 433 copia

904 439 1024 472 Gavisa
1048 439 1111 473 fuit
1135 439 1262 475 Gothia.

902 496 1049 529 Perfecte
1074 497 1148 538 quia
1174 498 1322 541 credidit,

903 545 1009 577 Vitam
1036 544 1186 577 defuncto
1211 546 1368 587 reddidit,

902 592 1008 631 Ipsius
1035 594 1077 625 ad
1101 593 1238 633 imperia

899 637 1026 680 Fugata
1050 642 1125 673 sunt
1151 641 1328 675 daemonia.

901 695 1052 728 Sanctum
1077 697 1220 738 quisquis
1244 699 1416 739 Aegidium

898 744 1004 785 Digne
1030 746 1116 785 colit,
1141 746 1317 785 propitium

901 791 1062 824 Christum
1087 792 1185 825 habet
1208 802 1269 824 nec
1292 796 1398 834 gratia

901 838 997 871 Caret
1021 841 1124 879 petita
1148 841 1252 875 venia,

900 895 1096 929 Veneremur
1120 897 1205 928 hunc
1228 898 1362 939 pariter,

898 943 1030 976 Oremus
1054 944 1257 985 unanimiter,

901 991 946 1023 Ut
971 992 1013 1023 ad
1038 995 1170 1024 aeterna
1194 993 1312 1032 gaudia

900 1038 969 1070 Nos
993 1040 1152 1079 perducat
1174 1048 1272 1079 prece
1295 1041 1360 1080 pia.

530 1097 562 1129 9.
590 1094 702 1127 Gloria
726 1095 797 1136 tibi,
821 1095 960 1135 trinitas,

589 1142 674 1175 Laus
699 1142 768 1185 tibi,
796 1144 907 1175 sancta
931 1143 1047 1187 unitas,

587 1189 639 1221 Ex
664 1191 753 1230 cujus
779 1190 937 1231 sapientia

590 1238 672 1271 Sunt
696 1241 729 1269 et
753 1240 907 1279 reguntur
931 1238 1046 1271 omnia.

225 1322 313 1349 Brev.
336 1320 526 1357 Aquilejense
545 1323 614 1356 imp.
634 1322 769 1350 Venetiis
791 1319 874 1350 1481.

596 1441 656 1474 165.
687 1443 730 1474 De
751 1444 860 1475 saneto
879 1442 1020 1484 Aegidio.

694 1520 743 1549 Ad
762 1520 921 1559 Vesperas.

144 1589 177 1622 1.
200 1591 343 1622 Aeterno
372 1589 441 1630 regi
467 1589 591 1629 gloriae

202 1637 365 1677 Hymnum
392 1645 542 1668 canamus
567 1636 673 1680 hodie,

204 1684 337 1726 Aegidii
360 1685 518 1716 miracula

202 1733 262 1773 Qui
288 1732 434 1773 divulgat
457 1741 516 1772 per
541 1732 678 1767 saecula,

147 1792 179 1824 2.
206 1791 309 1822 Istum
333 1788 481 1829 profudit
506 1789 643 1822 Graecia
836 1793 867 1825 5.

203 1839 312 1878 Stirpe
339 1843 481 1869 creatum
505 1837 603 1882 regia,

202 1886 350 1919 Docilem
376 1885 437 1917 Dei
463 1886 567 1927 gratia

201 1934 247 1966 Et
270 1934 475 1975 praeclarum
500 1933 645 1968 scientia.

143 1994 173 2026 3.
199 1992 281 2032 Ejus
306 1991 416 2024 tunica
440 1992 578 2032 largitur
832 1993 864 2026 6.

199 2041 318 2081 Aegro,
347 2039 402 2080 qui
426 2049 522 2072 sanus
548 2039 707 2081 redditur,

198 2087 391 2121 Veredemio
412 2088 568 2133 jungitur,

200 2136 338 2169 Eremus
364 2135 479 2176 quibus
505 2137 631 2170 colitur.

837 1592 869 1623 4.

895 1590 1008 1632 Terra,
1035 1600 1116 1631 quae
1140 1589 1203 1622 fuit
1226 1592 1357 1633 sterilis,

894 1638 974 1677 Ejus
998 1647 1096 1680 prece
1119 1637 1157 1670 fit
1181 1637 1307 1680 fertilis,

895 1686 1002 1726 Aeger
1026 1690 1159 1720 sanatur
1185 1687 1310 1730 debilis,

894 1734 1028 1766 Famam
1052 1733 1136 1775 fugit
1159 1735 1210 1767 vir
1234 1735 1372 1768 humilis.

894 1790 1067 1831 Linquitur
1095 1792 1311 1832 Veredemius,

889 1839 996 1871 Intrat
1020 1840 1137 1872 saltum
1161 1838 1364 1884 profundius,

894 1886 997 1919 cerva
1021 1890 1133 1927 pastus
1158 1888 1312 1928 Aegidius

890 1934 952 1966 Est
974 1944 1035 1975 pro
1060 1935 1186 1967 nutrice
1205 1936 1342 1971 saucius,

892 1991 1080 2025 Construxit
1103 1993 1299 2026 monasteria

889 2040 934 2072 Et
958 2039 1080 2081 fugavit
1108 2041 1285 2085 daemonia,

890 2088 953 2120 Per
978 2089 1063 2121 hunc
1089 2089 1217 2122 diversa
1241 2090 1321 2123 talia

890 2136 985 2168 Fecit
1007 2137 1096 2170 Deus
1121 2138 1293 2178 magnalia.

535 2195 566 2229 7.
593 2194 644 2227 Sit
666 2194 736 2227 laus
762 2194 849 2236 patri
875 2203 946 2226 cum
969 2194 1037 2228 filio

590 2242 815 2284 Paraclitoque
837 2242 942 2283 hagio,

589 2290 778 2324 Sanctorum
805 2290 858 2331 qui
884 2292 1044 2325 consortio

594 2337 699 2380 Fungi
725 2339 816 2371 dedit
840 2338 987 2379 Aegidio.

215 2425 301 2452 Brev.
322 2423 352 2450 S.
373 2423 538 2451 Donatiani
559 2424 686 2459 Brugen.
707 2425 777 2460 imp.
797 2423 924 2451 Parisiis
947 2421 1028 2452 1520.
1048 2440 1087 2444 —
1108 2422 1135 2459 3,
1155 2424 1175 2453 4
1195 2425 1319 2453 Eremis.
