1653 2637
708 123 964 159 —188-—

415 224 447 255 2.
473 221 621 254 Israelita
649 221 721 262 pius
745 224 775 252 et
800 219 904 252 fidelis

472 269 544 302 Hac
566 269 618 301 die
638 270 766 309 junctus
792 266 912 307 angelis
936 266 969 298 in
992 266 1058 298 alto

472 317 568 357 Regis
594 315 725 356 superni
750 315 866 347 meruit
891 322 1036 346 serenum

520 364 658 396 Cernere
686 363 820 396 vultum.

414 433 445 464 3.
474 430 549 462 Cive
575 432 639 461 tam
666 429 760 467 claro,
792 428 870 460 Sion
894 437 912 459 ο
937 435 1084 470 superna,

472 477 574 509 Laeta
598 477 651 509 die
673 476 785 508 laudes
809 476 945 507 Domino
970 475 1094 514 salutis,

471 524 591 563 Jubila,
616 524 722 563 tellus,
748 523 870 555 meritis
895 525 1042 562 protecta

519 571 680 603 Praesulis
705 570 789 603 almi.

413 641 446 671 4.
471 638 535 670 Hic
557 636 655 669 fidem
678 645 803 669 sacram
828 637 997 677 vigilanter
1021 635 1138 673 firmat,

471 686 572 717 Arma
598 693 739 716 errorum
764 684 883 724 subigit
905 686 1062 724 potenter,

472 732 615 766 Maculas
645 740 766 764 morum
791 732 879 763 lavat
904 734 936 763 et
959 731 1090 771 repellit

518 780 674 819 Dogmate
700 780 795 811 claro.

416 849 446 880 5.
474 847 498 879 Ο
524 846 627 886 gregis
655 845 773 877 Christi
797 844 980 884 speculator
1004 844 1098 884 alme,

473 894 593 925 Norma
616 895 790 933 pastorum,
816 892 1041 923 monachorum
1066 899 1198 933 gemma,

472 940 642 981 Speculum
669 939 755 978 cleri,
782 942 876 978 pater
901 938 1126 979 orphanorum,

508 987 625 1019 Sancte
651 986 796 1027 Gregori.

420 1055 451 1086 6.
479 1054 527 1084 Tu
551 1053 612 1085 Dei
636 1052 728 1084 nobis
754 1051 868 1084 faeiem
891 1052 1028 1094 placato,

471 1100 578 1132 Donet
601 1102 637 1131 ut
660 1099 752 1131 nobis
777 1100 901 1132 veniam
926 1101 1043 1139 reatus,

470 1147 565 1180 Dona
586 1148 741 1179 virtutum
766 1146 850 1179 ferat
873 1150 906 1178 et
929 1147 1079 1186 perennis

520 1194 645 1227 Gaudia
669 1195 765 1228 vitae.

414 1263 445 1295 7.
471 1261 584 1294 Gloria
610 1261 696 1301 patri
719 1262 907 1301 genitaeque
931 1260 1016 1301 proli

470 1309 516 1340 Et
538 1309 609 1349 tibi,
635 1317 764 1348 compar
788 1309 954 1348 utriusque
977 1316 1104 1347 semper

473 1356 610 1396 Spiritus
636 1358 729 1395 alme,
754 1355 841 1387 Deus
866 1365 946 1387 unus
971 1356 1057 1386 omni

522 1403 679 1444 Tempore
703 1404 811 1435 saecli.

252 1476 331 1504 Orat.
357 1486 411 1504 ms-
437 1476 674 1512 Schonaugiense
701 1485 777 1505 saec.
800 1474 852 1510 123
880 1477 986 1504 dai-aus
1013 1478 1062 1504 bei
1080 1476 1174 1509 Roth,
1199 1476 1247 1504 die
1266 1477 1412 1504 Visionen
1437 1477 1488 1505 der

176 1515 216 1543 hl.
235 1514 389 1542 Elisabeth
409 1523 467 1542 von
482 1514 643 1545 schoenam
666 1516 766 1543 Briinn
782 1512 863 1542 1884.
884 1514 913 1541 S.
929 1512 983 1542 341
999 1523 1041 1550 sq.
1072 1514 1150 1542 Roth
1163 1518 1256 1542 nennt
1275 1515 1318 1542 als
1336 1515 1488 1543 Verfasser

175 1553 286 1581 Ecbert
309 1561 368 1580 von
392 1552 544 1587 Sethau,
574 1561 635 1580 was
661 1552 813 1580 vielleieht
837 1552 959 1587 richtig,
991 1553 1061 1580 aber
1085 1553 1168 1579 nieht
1197 1553 1269 1581 iiber
1295 1553 1414 1581 Zweii'el
1444 1562 1488 1581 ei·-

175 1591 274 1619 haben
293 1592 341 1618 ist.

568 1701 630 1732 319.
660 1701 702 1733 De
721 1701 750 1732 S.
772 1701 922 1742 Gregorio
944 1703 977 1733 et
998 1701 1105 1733 Sociis.

713 1779 748 1808 In
770 1778 795 1807 1.
815 1778 965 1816 Vesperis.

179 1859 209 1891 1.
237 1857 358 1899 Gaude,
384 1858 479 1892 tellus
505 1857 667 1890 fructuosa
862 1859 894 1891 3.
921 1858 1013 1891 Passi
1040 1859 1134 1890 simul
1160 1859 1192 1890 hi
1215 1862 1393 1892 tercentum

286 1906 388 1944 Natis,
414 1906 618 1946 Mauritania,
967 1906 1139 1947 Sexaginta
1163 1906 1242 1938 socii

236 1955 375 1994 Quorum
400 1957 502 1985 morte
525 1954 676 1996 pretiosa,
919 1953 1008 1986 Dant
1033 1953 1159 1986 Colonis
1184 1954 1440 1995 supplementum

285 2001 371 2040 Quae
393 2000 431 2032 fit
453 2001 486 2032 in
513 2001 652 2038 Colonia,
966 2001 1150 2033 Praesentis
1175 2001 1286 2034 auxilii

235 2047 394 2089 spatiosa,
419 2048 558 2089 gloriosa
919 2048 965 2081 Et
987 2050 1100 2081 salutis
1125 2050 1357 2082 incrementum

284 2096 372 2128 Coeli
395 2096 512 2135 gaudet
535 2095 634 2136 regio.
965 2096 1005 2128 In
1031 2096 1084 2129 die
1105 2096 1231 2135 judicii.

177 2164 211 2196 2.
235 2161 287 2194 De
310 2161 458 2202 loginquo
485 2162 539 2201 qui
562 2164 719 2193 venerunt
860 2163 893 2195 4.
916 2161 1006 2194 Nulli
1031 2165 1153 2195 tantum
1178 2168 1362 2197 meruerunt

283 2209 328 2241 Et
351 2217 410 2249 pro
436 2209 558 2241 Christi
581 2209 708 2240 nomine
966 2211 1004 2242 In
1029 2210 1091 2242 hoc
1113 2211 1225 2244 mundi
1249 2213 1381 2257 proelio,

238 2256 433 2289 Dimicantes
458 2256 668 2297 perstiterunt
918 2256 966 2290 Ut
989 2258 1045 2297 qui
1068 2261 1168 2290 semet
1188 2260 1426 2301 impenderunt,

283 2303 399 2336 Fortes
423 2304 456 2335 in
482 2304 662 2343 certamine,
966 2305 991 2337 Ο
1017 2304 1123 2337 fidelis
1148 2307 1269 2351 concio,

236 2352 453 2385 Rubricarunt
479 2353 509 2384 et
533 2355 707 2383 sanxerunt
918 2351 1001 2385 Fido
1026 2353 1099 2394 tuis,
1127 2355 1182 2395 qui
1206 2358 1238 2387 te
1264 2361 1430 2401 quaerunt,

285 2401 378 2433 Hanc
403 2398 498 2432 effuso
523 2400 684 2440 sanguine.
967 2401 1072 2435 Adsta
1095 2403 1285 2443 patrocinio.
