1653 2637
688 130 922 165 -49—

146 222 202 256 17.
217 223 462 265 Martyrumque
490 226 620 265 gloriosi

262 271 435 304 Beatorum
459 273 556 315 globi,

215 318 377 360 Flagitate
401 329 461 359 pro
485 321 600 354 miseni

262 366 407 399 Peccatis
432 368 562 401 alumni.

146 422 199 455 18.
218 422 426 455 Patriarchae
451 424 529 468 quin
555 426 647 458 electi

261 470 307 502 Et
331 472 509 510 prophetae
532 473 645 514 sancti,

218 516 440 559 Suffragamini
463 521 608 559 pententi

267 566 419 598 Precibus
446 567 563 601 clienti.

834 228 888 262 19.
904 227 1052 267 Virgines
1078 235 1096 258 o
1122 227 1238 266 clarae,
1264 225 1363 258 vestri

948 275 1013 308 Per
1037 283 1176 306 amorem
1201 274 1310 314 sponsi

901 321 1126 355 Memoramini
1149 331 1235 354 nunc
1258 322 1321 353 mei

948 368 1084 402 Delictis
1110 370 1264 411 oppressi.

834 427 888 459 20.
903 427 1040 466 Insuper
1063 435 1131 467 vos,
1157 425 1271 458 summi
1294 425 1356 458 Dei

953 472 1157 506 Gonfessores
1183 474 1269 514 almi,

902 521 1002 561 Opem
1028 520 1110 553 ferte
1135 521 1294 561 peccatori

952 569 1051 601 Oratu
1074 569 1216 601 instanti.

221 629 290 658 Cod.
309 631 435 660 Parisin.
456 631 504 666 (ol.
519 630 700 667 Martialen.)
721 631 803 661 1154.
825 642 899 661 saec.
923 632 966 662 10.
987 648 1024 653 —
1047 633 1458 669 „VersusGodeschalchi

145 670 175 696 et
196 666 317 696 01·.‘atio‘
339 684 378 690 —
396 668 431 703 4,
453 668 471 697 2
492 670 568 698 dolo.
589 684 626 689 —
648 669 674 704 6,
695 668 791 706 3Atq
793 679 831 698 ue
852 672 953 699 multa.
973 686 1012 690 —
1033 670 1076 704 10,
1100 670 1193 707 ljam
1213 672 1402 700 succulenti.
1423 687 1459 691 —-

147 704 190 742 12,
216 704 234 734 3
255 715 352 742 quam.
373 722 410 727 -
435 705 478 741 15,
499 706 517 734 2
540 707 728 744 Supplicator
749 709 805 745 egi.
826 723 863 728 —
885 707 929 744 15,
950 707 968 738 3
986 710 1193 746 Deprecemur.

534 800 580 831 74.
614 799 658 831 De
679 799 883 832 Accusatione
904 799 1074 833 Facinoris.

144 871 175 903 1.
201 867 291 904 Audi
315 878 376 910 me,
401 869 499 909 Deus,
528 870 568 902 de
593 870 681 902 coelo

248 918 375 957 respice
398 926 449 949 me
473 917 621 949 miserum

202 966 265 998 Pro
290 967 390 1006 tanta,
418 974 499 1005 quae
524 965 574 1005 egi
598 963 712 996 infelix

247 1022 347 1053 prava
376 1014 410 1044 in
434 1013 495 1045 hoc
520 1012 656 1045 saeculo.

143 1071 175 1102 2.
203 1066 313 1103 Bonus
339 1078 372 1101 es
398 1072 444 1111 tu,
471 1069 608 1108 Christe,
636 1069 757 1101 cunctis

251 1117 332 1150 vivis
358 1120 454 1156 atque
477 1116 611 1148 mortuis

202 1164 350 1197 Mortuus
377 1166 409 1196 et
432 1164 467 1196 in
492 1163 661 1204 sepulchro

249 1212 328 1244 mihi
353 1221 480 1244 manum
504 1212 643 1251 porrige.

142 1271 172 1303 3.
202 1266 315 1302 Certus
342 1278 398 1310 ego
423 1278 557 1309 nequam
585 1276 638 1300 ero

249 1326 308 1357 pro
333 1326 404 1349 meo
430 1317 513 1348 malo
539 1316 665 1356 merito,

203 1363 237 1396 Si
261 1374 321 1405 per
345 1365 498 1405 baptismi
522 1364 685 1396 lavacrum

248 1422 312 1445 non
337 1411 436 1445 fuerit
459 1412 616 1443 remissio.

142 1472 173 1504 4.
201 1467 405 1510 Depravatus
431 1478 450 1500 a
475 1471 607 1509 peccato

248 1517 440 1558 periensque
463 1517 586 1557 sitiens,

201 1565 240 1598 In
265 1566 377 1598 labore
397 1564 574 1605 juventutis

254 1613 382 1653 decepit
405 1621 456 1644 me
478 1611 620 1644 zabulus.

143 1674 174 1705 5.
201 1667 273 1711 Ego
299 1671 406 1704 omnia
431 1669 573 1701 commisi

251 1727 321 1750 cum
345 1720 480 1758 peccata
504 1717 613 1756 impia,

202 1767 311 1808 Putas,
337 1775 391 1798 ero
416 1766 606 1796 remissurus

254 1814 294 1846 de
318 1814 391 1854 igne
415 1811 598 1853 perpetuo?

142 1875 174 1908 6.
202 1870 307 1913 Felix,
334 1874 428 1904 natus
454 1879 516 1902 non
540 1868 682 1909 fuissem,

250 1930 310 1952 nec
335 1920 413 1951 talia
438 1926 574 1960 agerem,

201 1968 308 2003 Multa
332 1968 418 2000 mala
443 1965 506 1998 feci
531 1965 638 2004 miser,

250 2026 312 2049 non
337 2025 405 2048 sum
434 2014 547 2056 dignus
572 2014 691 2047 vivere.

144 2080 173 2111 7.
203 2071 391 2111 Gementem
416 2071 543 2112 exaudi,
571 2070 707 2113 Christe,

252 2125 285 2155 et
312 2129 464 2154 succurre
487 2119 617 2160 misero,

198 2173 282 2205 Dum
307 2172 341 2203 in
365 2170 417 2203 die
441 2177 555 2210 magno
577 2167 634 2199 illo

244 2217 442 2260 judicaveris
467 2216 639 2250 saeculum.

141 2281 174 2314 8.
201 2274 259 2324 [H]
263 2276 350 2310 omni
373 2276 454 2308 hora
478 2275 510 2307 in
535 2272 662 2306 inferno

249 2324 456 2358 modulantur
480 2322 616 2361 animae,

200 2376 311 2414 Putas,
338 2381 391 2404 ero
416 2371 607 2403 remissurus

251 2423 291 2454 de
316 2419 448 2453 fornace
472 2418 591 2459 ignea?

205 2483 282 2505 υτον
289 2486 334 2507 es,
351 2477 440 2507 Hymni
452 2476 550 2501 Inediti.
580 2476 611 2499 11.

857 871 887 902 9.
902 867 954 904 Ibi
978 870 1060 910 ignis
1083 873 1131 902 est
1157 880 1319 912 accensus,

951 917 1019 950 sine
1042 918 1106 951 fine
1129 919 1293 960 terminuS,

905 965 985 997 Inde
1009 966 1107 998 miser
1133 966 1340 999 contremisco

950 1021 1019 1044 cum
1043 1022 1150 1046 amaro
1175 1015 1303 1053 gemitu.

833 1070 887 1102 10.
903 1067 1048 1103 Klaritas
1072 1069 1118 1101 ibi
1143 1070 1291 1102 clarescit

948 1116 1008 1157 hiS,
1034 1117 1087 1157 qui
1114 1117 1194 1149 bene
1217 1117 1372 1157 fecerunt,

902 1164 984 1196 Mihi
1009 1173 1135 1204 semper
1155 1171 1390 1205 praeparantur

950 1211 1072 1244 lubrico
1097 1212 1256 1246 incendia.

834 1268 887 1301 11.
901 1265 1023 1301 Lumen
1046 1269 1093 1301 ibi
1117 1279 1181 1301 non
1201 1270 1344 1314 lucescit,

949 1323 1009 1347 nec
1033 1316 1082 1348 sol
1107 1317 1192 1348 diem
1215 1317 1392 1360 inluminat,

903 1362 1028 1395 Sanctis
1053 1363 1099 1395 ibi
1124 1364 1229 1396 lumen
1256 1365 1326 1404 erit,

949 1410 1029 1442 mihi
1052 1419 1178 1452 semper
1201 1412 1362 1446 tenebrae.

834 1469 887 1503 12,
903 1464 989 1501 Mala
1017 1476 1089 1500 mea
1113 1477 1314 1509 recognosco,

954 1515 1043 1555 cujus
1072 1514 1120 1548 fui
1140 1515 1289 1557 famulus,

903 1563 985 1595 Tota
1009 1572 1111 1602 prava
1136 1567 1168 1596 et
1190 1564 1309 1605 iniqua,

950 1619 1002 1642 me
1027 1620 1098 1643 cum
1120 1612 1186 1643 illis
1212 1612 1376 1646 devorant.

838 1668 889 1702 13.
904 1664 974 1700 Non
1000 1671 1075 1700 sunt,
1099 1668 1143 1700 ibi
1167 1668 1386 1702 blandimenta

953 1716 1036 1747 sicut
1059 1716 1152 1755 hujus
1179 1717 1306 1759 saeculi,

905 1762 966 1794 Sed
991 1763 1113 1802 judicia
1136 1766 1211 1796 sunt
1234 1766 1332 1805 recta,

950 1811 1007 1842 ubi
1032 1820 1095 1843 non
1121 1814 1195 1843 sunt
1219 1812 1371 1852 praemia.

836 1868 891 1901 14.
908 1864 1017 1901 Omnis
1043 1868 1135 1900 homo
1161 1871 1210 1900 est
1232 1872 1392 1910 peccator,

954 1915 1061 1948 nullus
1085 1916 1163 1948 mihi
1188 1916 1311 1959 similiS,

906 1963 974 2003 Ego
1001 1966 1093 2003 pater
1118 1973 1185 1996 sum
1211 1966 1334 2004 peccati

955 2014 987 2043 et
1010 2011 1079 2044 Deo
1104 2011 1279 2046 horribilis.

835 2069 889 2103 15.
905 2065 1088 2109 Pauperem
1112 2079 1175 2102 non
1202 2070 1330 2111 erogavi

953 2125 1056 2156 neque
1078 2117 1182 2150 Deum
1208 2118 1316 2160 dilexi,

906 2164 1008 2197 Miser
1033 2174 1100 2207 ego,
1128 2166 1205 2206 quid
1230 2165 1346 2198 faciam

954 2213 988 2245 in
1016 2213 1068 2245 die
1089 2212 1229 2253 Judicii?

836 2271 891 2303 16.
909 2267 1035 2308 Quanta
1060 2274 1134 2303 sunt
1156 2271 1203 2304 ibi
1227 2270 1354 2313 flagella

955 2322 986 2350 et
1011 2321 1170 2352 tormenta
1193 2319 1302 2360 impia,

906 2365 971 2398 Ubi
996 2375 1118 2399 vermes
1144 2369 1370 2409 depascuntur,

954 2414 1008 2455 qui
1034 2416 1143 2448 dicunt
1168 2416 1410 2456 blasphemiam.
