1653 2637
717 145 954 182 ,41-

324 238 369 269 63.
404 238 438 270 111
461 238 668 279 Apparitione
689 239 847 280 cujusdam
866 239 1011 271 miraculi
1035 239 1175 281 Corporis
1197 241 1321 274 Christi.

714 306 760 336 Ad
780 306 936 344 Vesperas.

433 377 464 409 1.
490 377 577 417 Jesu,
604 382 727 409 creator
752 377 837 409 orbis
863 380 895 409 et
918 377 1113 421 redemptor,

488 425 638 464 Corporis
663 426 747 457 sacri
770 434 900 456 munera
925 425 978 465 qui
1003 429 1157 466 praestas,

488 472 608 504 Tribue
631 473 748 504 nostris
766 473 878 504 animis
905 473 1039 504 salutem

536 519 695 561 Sanguine
719 522 783 554 tuo.

433 578 464 608 2.
491 576 540 608 Tu
565 577 655 608 nobis
672 577 770 609 vitam
793 585 969 616 praeparas
998 576 1134 617 felicem,

490 625 607 656 Panem
634 627 665 655 et
689 625 796 656 vinum
823 624 904 656 dono
930 627 965 656 tu
991 626 1150 667 concedis,

487 672 583 712 Regis
608 680 669 711 quo
687 674 811 703 nostros
838 674 870 703 et
891 672 1047 712 gubernas
1071 676 1160 705 actus

533 719 612 752 Pius
638 721 670 750 et
692 719 789 751 mitis.

429 778 459 810 3.
487 775 622 816 Semper
646 779 681 808 tu
706 778 830 808 nostras
856 777 1019 809 illustrare
1043 780 1146 810 terras

486 823 675 864 Mentesque
699 824 828 855 summis
852 823 1039 856 confirmare
1063 825 1161 866 signis

488 872 586 904 Curas
613 874 644 903 et
668 880 775 904 omnes
800 872 904 904 salvos
929 880 997 904 esse
1021 876 1102 911 tuos,

531 920 615 959 Quos
640 919 813 951 redemisti.

430 978 460 1009 4.
488 975 560 1008 Non
586 974 647 1007 fuit
670 977 788 1008 nostris
813 977 947 1008 saeculis
972 977 1095 1016 perlata

488 1023 589 1055 Fama
613 1026 678 1055 tam
703 1024 832 1064 grandis
858 1024 962 1063 operis
988 1025 1155 1066 praeclari,

488 1070 534 1103 Ut
556 1070 644 1102 Deus
670 1072 741 1110 ipse
765 1071 877 1103 tribuit
901 1071 1055 1112 benignus

535 1118 676 1150 Famulis
705 1119 781 1152 suiS.

430 1176 459 1208 5.
486 1175 532 1208 Ut
556 1175 626 1206 11166
651 1178 741 1207 sexta
765 1175 906 1207 creditur
931 1176 1056 1208 venisse

488 1222 581 1254 Coelo
606 1231 665 1255 rex
688 1223 754 1263 1116,
779 1223 947 1254 miseratus
972 1226 1081 1255 nostra

486 1269 625 1302 Crimina
649 1269 745 1310 ferre,
771 1273 895 1302 uterum
922 1271 1080 1311 complere

532 1318 672 1358 Virginis
697 1318 810 1350 almae.

427 1376 458 1407 6.
485 1374 538 1406 Sic
562 1374 653 1406 nobis
681 1375 806 1406 demum
829 1375 1012 1407 incarnatus
1036 1375 1125 1407 venit

484 1419 604 1453 Iterum
631 1423 708 1455 dare
733 1422 883 1462 populum
909 1423 1021 1463 salute,

483 1470 605 1502 Ferant
629 1473 665 1501 ut
688 1479 795 1501 omnes
820 1472 908 1501 tanto
933 1473 1129 1502 sacramento

529 1517 657 1549 Laudes
681 1518 861 1549 immensas.

423 1575 453 1608 7.
480 1574 566 1614 Ergo
592 1576 635 1617 tu,
664 1573 798 1614 Christe,
827 1574 943 1614 gaudia
965 1574 1018 1614 qui
1044 1577 1188 1613 praestas

483 1622 576 1654 Vitae
599 1622 777 1661 praesentis
803 1624 835 1653 et
859 1620 985 1653 futurae
1009 1622 1138 1661 promis,

480 1669 581 1701 Nobis
604 1670 724 1710 adesto,
752 1670 912 1709 supplices
936 1677 1114 1713 precamur,

528 1717 640 1750 Gratia
664 1721 728 1750 tua.

423 1775 454 1807 8.
482 1775 527 1808 Ut
551 1777 657 1814 grates
682 1783 743 1806 uno
769 1775 953 1815 pariterque
978 1775 1072 1816 trino,

478 1822 592 1854 Totum
619 1823 671 1862 qui
698 1822 777 1862 regit
805 1825 836 1853 et
860 1821 1016 1862 gubernat
1038 1821 1156 1862 orbem,

480 1869 611 1901 Solvere
634 1872 728 1910 queat
752 1878 882 1901 munere
905 1878 964 1909 pro
990 1872 1079 1901 tanto

529 1917 650 1950 Chorus
675 1917 728 1949 hic
752 1920 870 1950 noster.

229 1975 314 2002 Brev.
335 1983 388 2002 ms.
410 1975 440 2001 S.
462 1975 611 2002 Ambrosii
624 1974 753 2002 Florent.
777 1975 847 2001 anni
869 1971 950 2001 1518.
986 1972 1207 2002 Cod.Lau1·ent.
1224 1973 1313 2002 Conv.
1335 1983 1396 2010 sup.
1419 1973 1466 2003 90.

150 2013 184 2041 A.
206 2029 242 2033 —
264 2012 345 2042 Offie.
366 2022 420 2041 ms.
436 2013 465 2041 S.
486 2013 629 2041 Ambrosii
650 2020 724 2040 saec.
748 2011 790 2040 15.
826 2012 895 2040 God.
910 2012 1038 2040 Florent.
1057 2013 1248 2048 Magliabeec.
1265 2013 1306 2040 Gl.
1327 2013 1465 2042 XXXVI.

150 2050 195 2080 70.
216 2053 250 2080 B.
275 2067 307 2071 —-
330 2050 355 2086 2,
375 2050 395 2079 4
414 2053 511 2079 mictis·
531 2052 565 2079 A.
587 2066 624 2071 —
645 2049 671 2085 3,
693 2049 711 2078 2
724 2051 897 2087 Mentesque
917 2052 978 2078 suis
999 2053 1121 2079 summis
1142 2050 1313 2080 confirmare
1331 2053 1357 2079 si
1371 2054 1464 2088 magis

148 2091 182 2118 A.
203 2107 242 2111 —
261 2089 287 2125 7,
311 2088 325 2118 1
346 2090 456 2126 gaudia
475 2090 549 2118 fehlt
568 2090 603 2118 A.
627 2105 658 2109 —-
682 2088 708 2125 8,
730 2087 747 2118 3
768 2093 879 2126 queant
897 2090 931 2117 A.

313 2173 359 2205 64.
391 2173 428 2205 Iu
447 2173 651 2215 Apparitione
675 2172 833 2213 qu'usdani
855 2171 1001 2203 miraculi
1022 2172 1166 2213 Corporis
1189 2173 1312 2205 Christi.

680 2232 728 2262 Ad
748 2232 940 2262 Nocturnum.
996 2268 999 2271 Ι

149 2297 177 2329 1.
204 2296 324 2328 Rerum
351 2297 481 2327 aeterne
505 2294 635 2338 arbiter,
835 2295 866 2325 2.
894 2293 940 2326 Ut
962 2293 1094 2334 insignis
1120 2294 1269 2334 prodigii,

203 2344 315 2377 Noctis
344 2345 474 2376 nostrae
499 2342 553 2383 qui
578 2342 727 2374 tenebras
895 2342 985 2380 (Quod
1010 2342 1057 2374 tui
1083 2342 1190 2374 colunt
1216 2341 1336 2382 famuli,

203 2393 351 2426 Illustras
377 2395 433 2424 tua
457 2392 572 2432 gratia,
894 2389 997 2430 Digne
1021 2391 1180 2430 possimus
1204 2399 1299 2431 agere

202 2440 337 2481 Largire
362 2440 454 2472 nobis
479 2440 615 2472 veniam.
897 2438 979 2470 Puro
1006 2439 1102 2471 corde
1125 2439 1291 2471 solemnia.
