1653 2637
733 157 981 192 —210—

202 255 233 286 3.
260 253 355 293 Cujus
380 256 413 285 te
436 254 610 294 pudicitiae
884 256 914 288 6.
942 253 1071 294 Regalis
1095 262 1219 294 quoque
1244 254 1382 294 dignitas

258 302 385 334 Testem
410 302 497 334 Deus
523 300 652 343 efficiat,
940 302 1041 334 Recte
1066 301 1186 341 Joseph
1211 302 1414 342 adscribitur,

259 348 486 389 Congratulare
510 349 641 389 gratiae,
941 349 1000 387 Qui
1024 349 1179 389 virginem
1205 358 1264 389 per
1288 350 1417 382 semitas

258 396 337 428 Nam
365 397 555 428 salvatorem
579 397 694 437 pariat.
939 396 1098 437 Associat,
1126 405 1186 436 quo
1212 397 1369 437 graditur.

199 456 229 486 4.
257 453 380 486 Fidelis
400 456 432 485 et
456 453 607 485 obediens
883 455 912 486 7.
940 453 1060 493 Regale
1085 454 1298 485 sacerdotium

256 501 293 533 In
318 501 503 533 Bethlehem
531 501 604 533 dum
629 504 791 544 properat,
939 501 1097 533 Tenentes
1122 510 1161 532 ex
1186 500 1301 541 officio,

257 547 490 580 Professionem
516 547 636 580 faciens
939 549 1003 581 Per
1029 548 1183 580 castitatis
1209 549 1310 580 lilium

258 596 363 635 Ipsam
389 604 494 627 secum
521 596 688 628 detulerat.
939 596 987 627 Ite
1012 596 1134 635 Joseph
1159 596 1303 636 vestigio.

197 655 228 685 5.
256 652 439 685 Sacerdotis
464 652 659 692 signaculum
882 654 912 686 8.
940 653 1158 692 Paranymphi
1183 653 1346 693 ccclesiae,

254 699 331 731 Viro
357 702 466 731 sancto
491 699 684 740 conceditur,
938 701 1147 732 Parvulorum
1173 701 1310 741 nutricii,

255 746 329 778 Post
356 747 511 786 virginem
534 756 606 779 narn
632 747 798 786 parvulum
937 748 1122 780 Attendatis
1149 748 1313 780 custodiae

255 794 379 825 Primus
403 796 530 833 tractat,
560 795 633 826 dum
658 795 810 827 nascitur.
938 795 1104 828 Commissi
1128 795 1308 828 ministerii.

610 852 641 884 9.
670 851 781 884 Gloria
805 852 874 892 tibi,
903 852 1046 884 Domine.

267 927 352 953 Brev.
374 926 535 953 Othinense
555 927 625 962 imp.
646 927 783 955 Lubecae
806 924 887 954 1479.
908 926 941 953 A.
964 942 1002 947 —
1021 927 1106 955 Brcv.
1129 927 1325 963 Strengnense
1346 929 1414 964 imp.
1432 928 1505 956 Hol-

191 966 266 991 miae
293 962 374 991 1495.
401 965 433 991 B.
462 978 499 982 —
525 964 609 992 Brev.
640 965 796 992 Lunclense
821 966 889 1000 imp.
919 965 1043 992 Parisiis
1069 963 1151 992 1517.
1178 964 1207 992 G.
1235 981 1273 985 —
1302 963 1331 999 1,
1362 964 1380 992 2
1406 966 1507 1002 Fugae

190 1010 300 1037 pavens
321 1001 379 1028 AC.

645 1122 712 1153 362.
744 1123 787 1153 De
808 1124 914 1154 sancto
935 1122 1057 1163 Joseph.

750 1200 801 1230 Ad
819 1200 946 1230 Laudes.

192 1268 223 1301 1.
251 1268 374 1300 Mariae
400 1277 455 1300 cur
486 1269 630 1308 conjugio
879 1271 911 1303 4.
936 1270 982 1302 Ut
1005 1270 1084 1302 haec
1108 1271 1171 1302 viri
1195 1271 1341 1302 solatium

250 1315 316 1347 Viri
341 1316 453 1355 juncta
480 1316 681 1356 describitur,
937 1317 1090 1358 Haberet,
1116 1318 1171 1349 ubi
1195 1322 1354 1359 pergeret,

255 1364 426 1395 Causarum
452 1364 548 1395 trium
572 1364 654 1395 ratio
936 1365 981 1397 Et
1005 1365 1045 1397 ad
1070 1374 1207 1405 sponsae
1232 1366 1416 1406 obsequium

252 1411 282 1441 A
308 1411 426 1442 sanctis
452 1411 492 1443 ad
519 1411 579 1442 hoc
604 1411 760 1443 traditur:
937 1412 1106 1452 Promptus
1131 1422 1165 1444 se
1189 1422 1340 1453 sponsum
1365 1413 1496 1448 faceret.

191 1469 224 1498 2.
251 1467 395 1500 Christus
421 1467 510 1499 venit
534 1467 750 1507 abscondituS,
879 1470 910 1501 5.
937 1468 1035 1507 Quem
1057 1470 1187 1509 angelus
1214 1470 1350 1513 edocuit,

249 1514 292 1546 Ut
318 1514 467 1546 Satanam
492 1514 663 1554 deciperet,
939 1516 1019 1548 Divo
1044 1519 1224 1548 monstrans
1250 1518 1387 1561 oraculo,

251 1561 295 1593 Et
314 1562 360 1593 sic
384 1564 495 1601 partus
520 1562 700 1601 incognitus
937 1563 1129 1603 Quocunque
1152 1564 1201 1595 ire
1227 1564 1337 1596 debuit.

252 1608 391 1649 Virginis
414 1609 476 1640 rite
500 1607 602 1642 fieret.
936 1611 1014 1643 Cum
1039 1613 1142 1642 matre
1166 1612 1218 1643 vel
1244 1620 1313 1642 cum
1339 1613 1483 1651 parvulo.

192 1666 224 1698 3.
252 1665 295 1697 Ut
321 1664 425 1704 plebis
451 1665 491 1697 ab
516 1664 649 1696 infamia
878 1667 909 1699 6.
936 1667 995 1705 Qui
1019 1667 1146 1698 monitis
1173 1667 1324 1699 obediens

251 1712 358 1744 Mater
382 1713 466 1753 regis
493 1713 609 1745 eximia
936 1713 992 1745 Fit
1013 1714 1104 1745 testis
1131 1713 1344 1757 fidelissimus,

251 1759 402 1791 Servetur
428 1768 464 1791 eo
488 1760 610 1799 meliuS,
936 1762 989 1793 Ad
1015 1761 1224 1794 laborandum
1249 1763 1374 1802 patiens

250 1807 305 1839 Fit.
329 1806 449 1847 Joseph
475 1808 541 1847 ejus
567 1807 680 1839 socius
936 1808 1095 1849 Obsequio
1121 1810 1387 1849 promptissimus.

599 1866 629 1897 7.
657 1863 768 1896 Gloria
793 1865 861 1905 tibi,
888 1865 1033 1900 Domine.

266 1940 371 1967 Diurn.
392 1948 445 1966 ms.
466 1940 616 1976 Brigittin.
637 1948 712 1967 saec.
736 1937 780 1967 15.
816 1940 885 1968 Cod.
908 1940 1051 1969 Colonien
1071 1939 1116 1969 92.
1131 1941 1166 1969 A.
1188 1956 1223 1960 —
1244 1944 1329 1970 Brev.
1345 1943 1506 1974 Othiuense

190 1978 260 2013 imp.
279 1978 415 2005 Lubecae
442 1975 523 2005 1479.
550 1992 585 1996 —
611 1978 696 2005 Brev.
718 1978 914 2015 Strengnense
939 1981 1008 2016 imp.
1031 1980 1166 2008 Holmiae
1196 1978 1278 2008 1495.
1301 1980 1332 2008 G.
1357 1997 1395 2000 —
1419 1983 1504 2012 Brev.

189 2015 347 2043 Lundense
368 2016 436 2051 imp.
458 2015 582 2043 Parisiis
606 2013 687 2043 1517.
708 2017 745 2043 D.

648 2145 714 2176 363.
748 2145 790 2176 De
810 2146 917 2177 sancto
938 2146 1061 2186 Joseph.

733 2221 782 2251 Ad
801 2222 959 2259 Vesperas.

478 2292 508 2325 1.
534 2291 600 2324 Iste
626 2290 797 2330 confessor,
825 2291 1010 2331 patriarcha
1033 2302 1174 2334 magnus,

535 2339 585 2371 De
610 2340 702 2373 domo
728 2339 834 2371 David
859 2348 1031 2379 generosus
1056 2340 1178 2386 haeres,

535 2386 657 2427 Dignus
682 2387 820 2419 auctoris
843 2387 1005 2419 hominum
1029 2389 1139 2421 vocari

583 2434 642 2467 Est
667 2437 759 2474 pater
783 2435 894 2467 almus.
