1653 2637
707 111 969 150 —218-

599 246 664 279 379.
694 247 737 279 De
756 247 867 279 sancta
886 246 1074 279 Katharina.

682 334 731 364 Ad
752 334 989 372 Completorium.

186 414 213 448 1.
240 413 398 453 Perplexa
422 414 532 446 mundi
557 414 640 445 retia
868 415 901 448 3.
929 413 966 445 In
994 413 1130 444 carceris
1156 412 1301 444 custodia

240 462 341 501 Cavit,
368 462 465 493 scidit
489 461 635 497 viriliter,
927 460 1000 492 Non
1025 461 1162 492 marcuit
1182 460 1314 499 jejunio,

243 509 338 547 CuJ‘us
363 510 457 541 modo
483 509 636 540 solemnia
927 507 1080 539 Columba
1104 506 1169 539 fert
1193 507 1323 545 cibaria,

239 555 474 595 Amplectimur
501 555 693 588 solemniter.
927 554 984 587 Cui
1012 554 1156 587 Christus
1181 559 1230 587 est
1255 553 1397 586 refectio.

182 643 214 674 2.
241 641 328 673 Haec
354 649 447 673 caesa
472 641 569 682 virgis
594 640 708 673 ferreis
867 643 898 673 4.
924 640 1033 673 Favus
1058 649 1169 673 sacrae
1196 639 1374 672 dulcedinis

242 689 394 729 Dirisque
418 689 649 728 scorpionibus,
925 687 1038 721 Novae
1061 688 1141 720 lucis
1168 691 1217 719 est
1241 687 1380 727 claritas,

241 736 316 768 Plus
342 735 469 778 femina,
496 745 559 768 non
585 739 634 767 cst
658 736 702 767 eis
926 735 987 767 Est
1011 735 1210 767 Katharinae
1235 735 1367 775 virginis

239 784 366 815 Mutata
392 784 596 817 torsionibus.
925 782 1111 815 Praedulois
1136 784 1215 815 haec
1239 782 1433 815 solemnitas,

518 872 550 902 5.
576 868 679 900 Nobis
703 871 796 910 pater
823 877 893 900 cum
917 866 984 900 filio

579 915 776 956 Sanctusque
800 918 944 956 praestet
969 916 1110 958 spiritus,

581 963 619 995 In
644 963 801 1003 virginum
826 963 958 1003 collegio

581 1010 628 1042 Ut
653 1015 871 1050 computemur
897 1010 1038 1042 coelitus.

259 1115 352 1143 Psalt.
383 1123 437 1142 ms.
466 1114 582 1142 Veteris
606 1115 717 1142 Montis
749 1122 825 1141 saec.
855 1112 898 1142 13.
946 1113 1015 1141 Ood.
1043 1114 1265 1150 Dusseldorpin.
1300 1113 1323 1140 C
1352 1110 1397 1141 58.
1430 1112 1494 1140 add.

183 1160 259 1180 saec.
283 1151 327 1179 14.
347 1153 382 1180 A.
403 1167 409 1171 -
427 1167 439 1171 -
459 1152 579 1188 Antiph.
607 1160 660 1179 ms.
683 1151 866 1180 Cis-terciens.
888 1152 1044 1180 Neci-land.
1065 1160 1140 1180 saec.
1164 1150 1208 1179 14.
1249 1151 1319 1180 cod.
1340 1152 1496 1179 Pianoren.

181 1191 213 1218 M
238 1190 261 1218 1.
282 1193 315 1217 Β.
339 1205 373 1209 -
395 1191 498 1218 Diui-n.
519 1199 571 1217 ms.
591 1189 831 1217 Kirchheimense
851 1188 885 1224 (ξ’)
918 1190 987 1217 cod.
1002 1190 1182 1225 Maihingen.
1202 1190 1233 1217 ΙΙ
1256 1189 1279 1217 1.
1300 1187 1330 1217 8Ᾱ
1354 1186 1397 1216 18.
1414 1189 1443 1216 O.
1459 1203 1496 1207 —

186 1227 256 1255 Olm.
276 1228 430 1256 Monacon.
451 1228 500 1260 (01.
519 1228 745 1260 Emmeramen.)
766 1225 873 1255 14926.
895 1235 970 1255 saec.
992 1225 1037 1255 15.
1058 1229 1095 1256 D.
1117 1244 1118 1247 =
1171 1225 1203 1261 2,
1224 1226 1244 1255 4
1263 1227 1441 1255 tortionibus
1462 1227 1496 1260 B,

182 1264 368 1294 tunsionibus
387 1267 422 1294 A.
448 1280 486 1285 ——
510 1264 543 1300 4,
574 1263 592 1293 3
613 1266 670 1293 Est
694 1265 767 1293 fehlt
784 1264 871 1293 BCD.
901 1281 933 1286 -—
962 1264 993 1300 4,
1024 1264 1043 1292 4
1062 1265 1231 1293 Praedulcis
1257 1268 1303 1293 ost
1325 1265 1496 1293 solemnitas

184 1303 268 1332 ssGD.
288 1319 326 1323 —
348 1303 374 1339 5,
394 1303 414 1331 4
434 1304 476 1332 Ut
494 1303 664 1340 copulemur
685 1303 771 1331 BGD.

606 1460 672 1493 380.
695 1461 738 1492 Dc
759 1461 867 1492 sancta
886 1460 1074 1493 Katharina.

681 1548 729 1578 Ad
751 1547 988 1586 Completorium.

188 1627 219 1660 1.
247 1626 350 1665 Salve,
377 1626 467 1667 virgo
493 1626 640 1667 gloriosa,
871 1629 903 1660 4.
930 1627 1009 1665 Ave,
1035 1628 1158 1666 martyr
1182 1626 1250 1659 Deo
1275 1632 1377 1669 grata,

245 1674 350 1714 Super
374 1682 481 1706 omnes
507 1674 661 1714 speciosa,
930 1674 1018 1706 Audi
1041 1675 1131 1715 virgo
1155 1683 1212 1706 nos
1236 1675 1342 1716 beata,

243 1722 325 1760 Regi
348 1730 457 1761 regum
483 1722 614 1761 sociata,
931 1721 1032 1754 Nobis
1057 1721 1181 1754 veniam
1202 1722 1341 1763 implora

243 1768 383 1809 Fulgens
410 1770 505 1810 digne
528 1770 683 1802 laureata.
928 1768 974 1800 Et
998 1770 1123 1810 suscipe
1147 1770 1259 1802 mortis
1283 1770 1373 1804 hora.

185 1857 219 1888 2.
243 1854 324 1896 Ave,
350 1855 438 1894 virgo
463 1857 513 1886 'ter
536 1855 641 1896 beata,
873 1858 904 1889 5.
931 1854 1053 1896 Gaude,
1079 1855 1159 1887 felix
1181 1856 1373 1900 Katharina,

245 1902 321 1934 Veri
347 1903 457 1942 sponsi
482 1911 599 1941 sponsa
623 1905 724 1943 grata,
932 1903 1139 1935 Peccatorum
1164 1904 1334 1946 medicina,

245 1949 322 1982 Jesu
348 1949 475 1982 Christo
502 1950 660 1990 dedicata,
933 1951 1030 1993 Virgo
1056 1960 1174 1991 sponsa
1198 1948 1336 1995 [Christi
1362 1950 1468 1997 bona],

244 1997 384 2037 Fulgens
410 1997 502 2036 quasi
526 1997 640 2031 liliata.
931 1999 1010 2031 Jesu
1033 2001 1137 2031 tecum
1164 1999 1228 2031 frui
1254 2000 1346 2035 dona.

186 2084 217 2116 3.
243 2081 352 2113 Jesum
376 2090 527 2120 sponsum
553 2083 788 2123 contemplaris,
873 2085 904 2116 6.
932 2083 1044 2116 Gloria
1071 2085 1139 2124 regi
1164 2088 1356 2127 sanctorum,

244 2129 319 2168 Ipso
344 2129 439 2168 plene
463 2129 602 2169 satiaris,
930 2130 990 2169 Qui
1013 2140 1072 2171 per
1097 2131 1309 2164 Kathariuam
1335 2131 1492 2179 [chorum]

247 2175 314 2219 Cui,
343 2176 440 2215 virgo,
465 2185 523 2207 nos
550 2177 735 2209 commenda
930 2179 1051 2218 Jungat
1075 2177 1165 2210 festis
1190 2181 1375 2220 angelorum

245 2225 283 2256 In
308 2223 365 2255 illa
391 2222 443 2254 die
466 2224 641 2255 tremenda.
931 2224 970 2256 Iu
995 2227 1123 2257 saecula
1149 2228 1358 2262 saeculorum.

262 2327 366 2355 Diurn.
390 2335 443 2354 ms.
463 2327 677 2355 Mechliniense
702 2336 777 2356 saec.
801 2326 844 2356 15.
882 2328 952 2356 Cod.
973 2328 1060 2356 Arch.
1082 2330 1252 2358 Gandaven.
1282 2329 1345 2360 100.
1371 2349 1401 2353 -—
1429 2333 1447 2362 2
1486 2334 1507 2364 4

187 2367 273 2404 quasi
292 2364 395 2393 lilium.
415 2379 454 2383 —
472 2363 500 2400 4,
524 2364 538 2392 1
552 2365 623 2409 'Ave
643 2368 743 2393 mater.
764 2380 802 2384 —
823 2365 850 2399 4,
871 2364 889 2394 3
908 2368 1026 2395 veniam
1046 2368 1211 2404 impetrata.
1230 2385 1268 2390 —
1288 2368 1315 2404 5,
1336 2370 1354 2399 3
1375 2372 1400 2400 Ο
1421 2357 1504 2410 1711·ςο

188 2413 304 2441 sponsa.
324 2419 363 2424 —
382 2401 408 2437 6,
429 2401 447 2431 3
466 2402 528 2431 Nos
546 2407 666 2439 jungat.
