1653 2637
719 129 979 165 —285—

421 226 450 257 5.
479 225 652 259 Precamur
677 235 795 267 01111105,
820 236 877 259 vos
903 227 1009 260 favete
1032 226 1182 267 virgines,

480 272 691 306 Securitatem
716 274 798 307 ferte
822 275 914 307 nobis
940 275 1109 316 perpetim,

478 320 621 354 Alumna
644 322 736 354 nobis
761 325 952 363 praeparate
977 322 1120 361 corporis

478 367 524 399 Et
548 370 610 401 vim
636 370 794 401 manentis
819 370 989 411 impetrate
1013 369 1151 403 luminiS.

421 425 452 457 6.
476 424 605 458 Laudes
629 428 754 459 tonanti
778 428 978 460 concinamus
1003 426 1124 466 lumini,

480 473 570 505 Patri
593 475 712 515 pioque
735 473 802 506 filio
829 483 896 507 cum
918 477 1099 515 pneumate,

479 520 538 559 Qui
562 525 707 561 praestet
731 522 822 553 almis
847 523 1005 563 virginum
1031 522 1199 554 consortiis

477 567 626 607 Regnare
651 578 758 601 secum
783 578 843 601 nec
867 570 986 602 habere
1010 569 1189 603 terminum.

265 631 351 660 Brev.
372 633 562 668 Trajectense
581 635 731 662 inferioris
751 634 895 663 dioecesis
915 637 985 672 imp.
1005 636 1037 662 in
1056 634 1160 663 Gouda
1180 632 1263 662 1508.

648 744 714 776 506.
745 744 788 775 De
809 747 920 776 saneta
938 745 1062 777 Ursula.

190 811 220 844 1.
249 811 376 844 Pollens
402 813 510 845 Mauri
535 812 603 846 filia
881 817 910 847 4.
937 815 1062 847 Nothus
1090 819 1182 856 capto
1207 823 1352 847 sermone

250 859 347 901 Regis
370 861 466 900 primi
491 869 550 900 per
575 862 711 902 scibilia,
938 862 1052 902 Coepit
1073 863 1237 903 angustari
1260 864 1377 901 mente,

247 906 351 948 More,
376 909 533 948 sapientia
937 910 1129 942 Formidans
1154 911 1238 951 regis
1264 909 1385 941 rabiem

248 953 383 987 Diluens
416 956 585 989 dementia.
935 957 1052 989 Mortis
1077 960 1172 998 atque
1196 957 1321 989 seriem.

190 1012 221 1043 2.
248 1010 382 1043 Famam
409 1013 497 1052 cnjus
521 1016 714 1053 praepotens
880 1015 911 1047 5.
934 1014 1011 1054 Ipsa
1034 1023 1150 1054 nempe
1171 1015 1321 1054 primitus

248 1059 387 1091 Ursulae
412 1069 469 1091 rex
495 1060 624 1099 quidam
651 1061 790 1100 capienS,
938 1062 1093 1101 Instigata
1120 1062 1281 1099 divinitus,

247 1107 424 1147 Anglorum
449 1108 571 1140 malens
595 1107 662 1140 filio
936 1110 1065 1141 Patrem
1095 1109 1156 1141 hoc
1179 1108 1378 1146 adimbuens,

250 1154 439 1194 Copluanda
465 1155 508 1186 sit
531 1158 567 1187 ut
591 1156 693 1196 virg0.
939 1156 988 1187 Sit
1012 1159 1048 1187 ut
1071 1156 1125 1188 hic
1151 1157 1361 1188 consentiens

190 1211 221 1244 3.
247 1211 482 1253 Paranymphis
506 1212 653 1251 plurimis
880 1214 912 1245 6.
940 1213 1057 1252 Virtus,
1084 1213 1195 1254 honor,
1221 1212 1334 1252 gloria,

248 1258 359 1290 Missis
385 1260 428 1291 ad
452 1261 577 1299 patrem
595 1261 671 1292 hinc
687 1260 821 1300 virginis
941 1260 1025 1291 Laus
1049 1260 1082 1291 in
1107 1264 1285 1301 martyrum
1308 1259 1461 1291 memoria

248 1305 348 1338 Minis
374 1310 405 1338 et
431 1307 597 1339 blanditiis
937 1307 1027 1340 Evae
1052 1310 1116 1339 stet
1139 1308 1172 1339 in
1198 1308 1303 1347 trivio,

248 1353 381 1386 Pactum
407 1355 462 1386 det
485 1358 522 1385 ut
545 1355 688 1387 advenis.
940 1355 990 1386 Ne
1014 1355 1188 1387 subdemur
1211 1355 1307 1386 bivio.

266 1418 336 1447 Cod.
363 1419 503 1447 Graecen.
530 1418 578 1450 (ol.
600 1420 638 1448 Sp
624 1419 765 1453 ecovien.)
792 1417 847 1448 ’756
873 1429 945 1447 anm
974 1418 1056 1447 1345.
1081 1420 1132 1448 fol.
1161 1418 1252 1447 214b.
1292 1420 1346 1446 Aus
1352 1417 1508 1446 drtieklich

191 1456 236 1484 als
256 1457 394 1492 Hymnus
420 1458 598 1486 bezeichnet.
620 1474 657 1478 —
678 1456 709 1492 2,
736 1456 756 1485 4
776 1458 941 1493 Coplanda,
969 1458 1095 1486 welches
1117 1459 1168 1486 das
1187 1458 1313 1485 Mettum
1334 1457 1451 1494 fprdert.

189 1493 222 1528 4,
244 1492 262 1521 2
284 1466 390 1524 xyvieder
410 1504 558 1525 sermone.
586 1480 724 1524 wodurc⁷h
745 1497 910 1532 abgesehen
928 1505 988 1523 von
1008 1496 1059 1524 der
1078 1496 1311 1531 Wiedeiholung
1330 1495 1441 1522 Uber-sc
1436 1494 1509 1521 1-11115

193 1542 252 1560 von
274 1535 355 1562 einer
376 1534 467 1562 Silbe.
489 1548 527 1553 —
547 1532 575 1569 4,
596 1532 614 1563 3
634 1535 707 1568 Eve,
728 1518 800 1562 liesU
805 1536 897 1562 aeve?

607 1646 673 1678 507.
706 1646 750 1677 De
772 1645 889 1678 ‹luobus
910 1644 1098 1677 Valentinis.

192 1717 223 1749 1.
250 1715 370 1748 Nunc
394 1718 545 1748 sancte
568 1717 696 1749 nobis
733 1717 821 1756 spi·
882 1717 914 1750 4.
941 1717 1133 1748 Aeterna
1158 1715 1325 1748 Christi
1350 1716 1494 1755 gloria

602 1765 717 1795 ritus
941 1764 1003 1796 Est
1029 1764 1105 1795 data
1128 1773 1187 1804 pro
1214 1763 1349 1795 victoria

252 1811 370 1844 Annue
394 1814 486 1852 grate
512 1812 644 1843 coelitus
940 1811 1001 1843 His
1027 1812 1156 1853 sanctis,
1183 1811 1277 1843 sedes
1305 1809 1424 1842 coelica

251 1861 403 1893 Promere
428 1862 520 1900 gesta
544 1862 723 1899 martyrum
943 1858 1021 1891 Cum
1046 1858 1205 1899 phalange
1230 1858 1382 1898 angelica..

253 1907 388 1940 Carmen
415 1907 557 1939 canendo
585 1907 738 1940 debitum.

192 1968 224 1999 2.
252 1965 277 1998 O
304 1968 443 1997 sancta
466 1966 602 1997 mundi
629 1964 798 2006 domina,
885 1967 915 1998 5.
943 1964 1014 1997 Fit
1050 1966 1175 2003 porta
1213 1962 1379 1995 Christi
1415 1972 1509 2003 per-

253 2014 497 2046 Valentinorum
521 2013 659 2052 nomina,
1283 2011 1368 2048 via,

252 2061 366 2104 Roma,
394 2062 464 2094 cole
487 2069 547 2101 pro
571 2060 704 2103 viribus,
944 2060 1032 2100 Quae
1055 2059 1144 2098 prius
1172 2061 1240 2091 erat
1265 2058 1363 2098 invia,

252 2110 313 2149 Qui
333 2110 439 2150 juncti
462 2111 536 2141 sunt
558 2109 765 2149 martyribus,
943 2107 1021 2140 Jesu
1045 2110 1193 2140 servante
1216 2106 1334 2138 limites

193 2169 224 2202 3.
249 2167 339 2200 Nox
374 2170 415 2199 et
446 2165 655 2199 tenebrae
689 2168 729 2198 et
751 2175 825 2198 nu·
944 2156 1095 2189 OSOEDSOS
1122 2164 1181 2195 1³61*
1205 2155 1263 2187 hOS
1287 2154 1415 2189 milites·

596 2215 690 2247 bila
886 2215 916 2247 6.
944 2213 1062 2256 Jesu,
1086 2212 1511 2254 nostraredemptio,

252 2263 442 2303 Discedunt,
471 2272 545 2303 ergo
567 2263 681 2304 J'ubila,
944 2262 992 2293 Te
1020 2261 1132 2293 laudat
1155 2263 1265 2293 nostra
1291 2260 1400 2293 concio

255 2311 413 2352 Ecclesia,
440 2312 623 2352 praeconiis
946 2309 1023 2342 Cum
1049 2311 1143 2348 patre
1168 2312 1200 2341 et
1224 2310 1334 2341 sancto
1359 2308 1476 2350 spiritu

254 2359 436 2399 Martyrum
461 2360 494 2391 in
521 2359 693 2391 solemniis.
946 2357 1188 2389 Valentinorum
1212 2356 1361 2389 transitu,

270 2424 364 2454 Psait.
386 2427 423 2453 et.
444 2424 554 2461 Hymn.
575 2434 629 2453 ms.
651 2432 728 2452 saec.
751 2422 795 2451 15.
838 2423 908 2451 Cod.
931 2422 1098 2460 Sangallen.
1119 2420 1183 2451 526.
