1653 2637
716 153 760 159 -
810 134 854 169 57
903 155 951 161 .-

661 227 707 258 82.
737 227 894 259 Salutatio
915 228 1005 259 BMV.

180 287 209 319 1.
236 285 345 326 Virgo,
372 289 475 318 mater
501 289 665 331 ecclesiae,
864 290 896 322 4.
922 289 1020 328 Virgo
1047 290 1195 328 clemenS,
1222 290 1309 329 virgo
1336 290 1401 330 pia,

236 334 380 366 Aeterna
403 337 498 373 porta
522 335 652 379 gloriae,
925 335 1021 376 Virgo
1049 336 1161 375 dulcis„
1188 345 1205 368 o
1230 336 1347 379 Maria,

235 380 316 412 Esto
341 381 433 413 nobis
459 380 616 423 refugium
922 383 1050 415 Exaudi
1074 391 1186 423 preces
1211 384 1349 415 omnium

237 429 335 468 Apud
360 432 484 468 patrem
510 434 542 460 et
566 429 677 462 filium.
922 431 975 462 Ad
1000 433 1033 462 te
1057 432 1109 471 pie
1134 430 1348 464 clamantium.

178 487 210 518 2.
239 484 390 517 Gloriosa
414 485 478 517 Dei
502 488 615 527 mater,
865 489 896 519 5.
924 486 1039 519 Funde
1062 495 1174 527 preces
1200 489 1254 518 tuo
1279 491 1367 528 nato,

238 531 333 572 Cujus
358 535 452 565 natus
479 537 529 565 est
553 542 591 565 ac
616 537 719 576 pater,
925 534 1093 574 Crucifim,
1119 535 1286 566 vulnerato

236 580 301 612 Ora
325 589 384 620 pro
410 581 503 613 nobis
529 582 685 622 omnibuS,
923 582 985 614 Pro
1010 582 1101 614 nobis
1127 584 1157 612 et
1181 580 1351 622 flagellato,

236 628 295 666 Qui
320 629 504 660 memoriam
528 630 660 669 agimus,
923 629 1030 669 Spinis
1054 632 1182 670 puncto,
1209 628 1285 661 felle
1310 632 1431 669 potato.

177 687 209 719 3.
236 684 338 716 Stella
362 685 471 727 maris,
494 686 551 717 lux
577 685 750 726 refulgens,
866 687 897 720 ὃ.
924 687 1019 719 Alma
1042 690 1146 718 mater
1170 687 1283 717 summi
1308 687 1403 729 regis,

236 732 341 773 Stirps
367 734 494 773 regalis,
521 737 633 765 sancta
658 742 788 774 parens,
923 733 994 765 Lux
1020 737 1052 765 et
1076 737 1170 774 porta
1197 734 1274 765 celsi
1299 735 1389 774 caeli,

235 779 326 820 Roga
350 783 476 819 patrem
502 783 534 812 et,
558 780 668 818 filium,
923 781 1049 813 inclina
1073 784 1106 813 te
1129 781 1316 813 miserrimis

234 827 278 859 Ut
306 828 361 859 det
385 828 477 860 nobis
502 830 694 869 paraclitum
924 828 1130 862 Gementibus
1158 837 1226 860 cum
1252 829 1403 861 lacrimis,

248 893 334 920 Brev.
356 902 408 921 ms.
422 894 657 922 Humiliatorum
677 903 752 922 saec.
770 893 813 922 15.
847 894 915 922 Cod.
931 894 1117 922 Ambrosian,
1130 894 1146 921 1
1168 892 1221 921 197
1236 893 1287 921 inf.
1299 894 1334 921 A.
1400 895 1484 921 Brev.

173 939 226 959 ms.
247 931 479 959 Humiliatorum
500 941 576 960 saee-
602 932 645 961 15.
690 933 760 961 Cod.
780 933 965 960 Ambrosian.
986 933 1016 960 H
1038 930 1092 960 267
1114 932 1164 959 inf.
1189 932 1221 960 Β.

625 1006 671 1037 83.
700 1006 745 1037 De
764 1005 894 1036 Domina
914 1005 1035 1036 Nostra.

177 1067 206 1100 1.
234 1066 290 1106 Te,
317 1068 428 1098 sancta
452 1066 515 1098 Dei
539 1067 688 1107 genitrix,
865 1069 895 1098 2.
923 1066 1012 1098 Sicut
1035 1066 1067 1098 in
1093 1066 1194 1098 vellus
1219 1066 1329 1107 pluvia

233 1113 319 1152 Quae
343 1117 439 1153 porta
462 1114 542 1146 coeli
569 1114 696 1153 diceris,
919 1114 958 1146 In
983 1116 1015 1144 te
1041 1114 1187 1146 coelestis
1212 1114 1316 1154 gratia

236 1160 461 1193 collaudamus
487 1162 651 1194 unanimes
922 1160 1108 1200 Descendit,
1134 1168 1170 1192 ut
1194 1161 1366 1192 redimeret

233 1207 412 1240 Devotione
437 1207 565 1241 fervidi.
920 1209 1115 1248 Adoptionis
1140 1207 1234 1240 filios.

553 1268 585 1299 3.
611 1266 732 1307 Honor,
761 1266 867 1305 decus,
894 1266 1072 1305 imperium,

612 1315 699 1354 Quae
723 1322 782 1352 per
806 1313 943 1346 Mariam
969 1313 1123 1353 virginem

610 1360 761 1393 Redemit
785 1369 877 1392 omne
901 1361 1071 1399 saeculum,

611 1408 661 1441 Sit
684 1408 821 1440 trinitati
846 1408 968 1440 unicae.

248 1473 358 1508 Hymn.
379 1482 432 1500 ms.
454 1473 664 1509 Egmontensis
685 1481 760 1501 saec.
783 1470 857 1501 1⁵11&
899 1473 967 1501 Ood.
987 1473 1102 1510 Hagen.
1123 1473 1152 1500 X
1170 1470 1234 1500 142.

619 1549 667 1580 84.
701 1548 745 1578 De
764 1547 861 1578 beata
881 1547 981 1578 Maria
1003 1548 1037 1577 V.

174 1610 206 1643 1.
232 1608 345 1640 Laude
371 1608 442 1641 dico
468 1610 625 1649 gloriosae
859 1610 890 1640 4.
919 1609 1015 1648 Virgo
1043 1606 1161 1640 Christi
1186 1606 1307 1647 Joseph
1332 1612 1434 1649 nupta

278 1655 404 1687 Mariae
430 1658 611 1698 praeconia,
965 1656 1081 1687 Divino
1109 1655 1238 1687 consilio

234 1702 329 1742 Cujus
357 1704 439 1735 nitet
462 1705 564 1736 instar
588 1711 680 1736 rosae
917 1703 1102 1743 Spirituque
1127 1700 1300 1734 fecundata

280 1751 355 1782 Vita
380 1752 476 1791 plena
500 1752 612 1792 gratia,
968 1751 1087 1783 Summi
1111 1749 1174 1783 Dei
1198 1748 1276 1790 filio,

235 1799 298 1830 Per
322 1807 416 1838 quam
441 1799 532 1830 nobis
557 1799 695 1839 gratioso
918 1798 1007 1831 Siout
1032 1797 1162 1830 Gabriel
1185 1800 1322 1829 testatur

281 1845 348 1877 Dat
371 1845 458 1878 Deus
485 1846 634 1878 salubria.
966 1845 1085 1877 Missus
1112 1845 1191 1876 coeli
1216 1845 1305 1878 soli0.

170 1907 205 1940 2,
231 1903 326 1935 Haec
353 1906 402 1935 est
427 1904 517 1944 virgo
543 1903 661 1936 Christi
686 1905 799 1944 mater,
859 1905 889 1936 5.
916 1903 1013 1943 Virgo
1038 1904 1127 1943 parit
1150 1901 1253 1933 Deum
1278 1911 1387 1935 verum

280 1951 347 1991 Pia,
374 1952 529 1991 prudens,
556 1950 694 1993 humiliS‚
964 1950 1195 1989 Hominemque
1219 1950 1351 1990 pariter,

229 2001 293 2033 Per
320 2008 414 2039 quam
439 2002 551 2031 noster
575 1998 679 2032 faetus
697 1997 800 2030 frater
913 1998 1090 2038 Expellens
1117 1997 1238 2029 hostem
1261 2006 1406 2030 severum

273 2047 336 2079 Est
359 2048 379 2081 J
383 2056 454 2079 esus
481 2047 638 2088 amabilis,
964 2048 995 2078 A
1018 2046 1111 2078 nobis
1135 2045 1326 2087 benigniter,

230 2096 278 2129 Ut
302 2096 432 2127 volebat
456 2095 545 2127 Deus
563 2098 656 2136 pater
916 2094 961 2127 Ut
987 2103 1042 2126 cor
1065 2096 1208 2126 nostrum
1232 2093 1290 2125 fiat
1315 2103 1435 2127 merum

273 2144 404 2176 Miseris
429 2144 612 2184 placabilis.
964 2142 1047 2175 Fide
1073 2142 1192 2176 Christi
1215 2142 1344 2182 jugiter.

168 2203 200 2237 3,
227 2201 326 2242 Virgo
352 2201 459 2234 David
484 2202 587 2241 stirpe
610 2205 687 2233 nata
870 2201 901 2233 6.
927 2201 1027 2241 Quam
1052 2200 1095 2231 sit
1119 2202 1232 2239 potens
1259 2200 1338 2231 haec
1360 2201 1480 2244 regina,

273 2249 406 2290 Absque
432 2250 546 2290 culpae
571 2249 706 2288 macula,
977 2248 1075 2288 Coeli,
1102 2251 1208 2279 terrae
1235 2248 1372 2289 domina,

223 2298 348 2338 Angelo
373 2298 601 2338 praenuntiata
930 2297 1075 2337 Pangunt
1100 2296 1243 2328 earmina
1269 2296 1379 2328 divina

272 2346 390 2378 Exstat
415 2355 475 2387 per
500 2346 640 2386 oracula,
975 2344 1079 2385 Super
1102 2343 1184 2377 coeli
1210 2344 1356 2383 culmina,

224 2395 397 2434 Prophetis
421 2393 637 2435 manifestata,
926 2393 1055 2433 Plangit
1079 2392 1179 2425 hostis
1201 2401 1260 2432 pro
1286 2392 1379 2424 ruina

271 2443 447 2483 Pangenda
470 2452 530 2483 per
555 2443 693 2474 saecula.
976 2440 1126 2481 Dejeetus
1151 2449 1171 2472 a
1196 2439 1324 2472 femina.
