1653 2637
733 119 968 153 -99-

627 223 687 255 157.
719 222 762 254 De
782 221 905 253 Sanctis
925 222 1089 263 Reliqniis.

736 289 785 319 Ad
806 289 964 328 Vesper-as.

194 358 226 393 1.
254 358 371 402 Pange,
395 359 512 399 lingua,
539 360 697 400 gloriosae
881 362 914 395 4.
939 361 1065 401 Quanta
1088 362 1176 403 passi
1201 371 1256 394 vos
1281 365 1450 407 tormenta,

301 405 512 446 Splendorem
537 407 689 448 laetitiae,
988 409 1073 449 Quos
1098 410 1235 442 insultus
1260 413 1414 452 austeres,

249 453 321 485 Lux
343 454 451 486 illuxit
474 455 603 487 radiose
940 457 988 489 Ob
1017 457 1126 490 divina
1150 460 1342 490 testamenta

297 502 480 534 Praesentis
507 503 669 541 ecclesiae,
987 506 1161 538 Voluntate
1186 514 1355 547 pauperes,

250 549 319 588 Qua
345 550 491 581 coluntur
515 550 677 591 pretiosae
939 552 1099 585 Detestati
1123 553 1343 586 blandimenta

296 596 485 629 Sanctorum
511 598 675 638 reliquiae.
985 600 1153 633 Dilexistis
1181 609 1334 636 carceres.

189 657 220 689 2.
247 654 364 686 Lunda
388 655 484 687 laude
509 656 687 696 gratuletur
879 659 910 690 5.
937 657 1001 690 Vos
1029 658 1063 689 in
1088 658 1163 698 polo
1189 659 1256 698 jam
1281 658 1417 691 sublimo

295 702 468 734 Exsultans
494 704 675 747 praeconio,
985 705 1140 738 Gaudetis
1165 714 1226 745 per
1250 707 1388 748 saecula,

245 749 341 781 Dulci
364 750 447 782 melo
474 751 658 783 moduletur
940 753 1055 785 Vester
1080 753 1161 786 odor
1186 752 1311 794 fragrat
1334 754 1438 794 primo

295 797 391 830 Clara
414 798 493 829 cleri
519 799 637 837 concio,
985 801 1063 834 Plus
1088 803 1257 841 unguento,
1285 802 1402 842 rosula,

246 844 329 876 Tota
354 845 448 877 simul
474 846 632 878 animetur
940 848 1154 889 Cinnamomo,
1181 849 1292 888 nardo,
1320 850 1441 892 thymo,

294 893 412 932 Populi
438 893 574 927 devotio.
984 897 1090 937 Costo,
1118 904 1228 937 cypro,
1256 895 1375 930 fistula.

187 951 219 983 3.
251 949 315 981 Vos
340 952 377 981 ut
400 959 513 983 aurum
540 951 728 991 depuratum
879 954 907 986 6.
935 952 1000 985 Vos
1024 955 1183 994 unguento
1208 962 1265 985 nos
1292 955 1444 987 virtutum

295 996 452 1030 Fornacis
476 999 635 1037 incendio,
985 1001 1153 1041 Supplices
1178 1002 1356 1044 perungue,

248 1044 315 1083 Quo
340 1045 413 1085 plus
439 1044 541 1086 fulget
564 1045 794 1079 inflammatum
936 1048 1001 1079 Vos
1025 1048 1204 1080 Leviathan
1229 1051 1402 1089 versutum,

290 1091 435 1125 Fervens
461 1093 637 1134 tribulatio,
983 1095 1034 1127 Ne
1058 1095 1174 1138 laedat,
1204 1096 1362 1137 repellite,

244 1138 308 1172 Cor
338 1140 393 1171 dat
418 1141 519 1180 magis
546 1142 703 1174 elevatum
935 1143 1002 1174 Vos
1027 1142 1060 1174 in
1083 1143 1192 1175 hostes
1218 1152 1315 1186 arma,
1343 1147 1467 1176 scutum

292 1187 381 1220 Coeli
408 1188 579 1222 desiderio.
983 1190 1135 1222 Potenter
1160 1190 1325 1231 porrigite.

588 1246 618 1278 7.
642 1244 775 1277 Trinum
796 1244 900 1276 Deum
925 1246 1049 1278 unitate

692 1292 888 1324 Veneremur
909 1294 1040 1334 Jugiter‚

642 1338 748 1373 Unum
774 1339 875 1371 Deum
903 1341 1048 1373 trinitate

688 1388 911 1421 Collaudemus
936 1389 1070 1429 pariter,

641 1434 738 1474 Cujus
761 1435 795 1467 in
821 1436 1012 1468 aeternitate

686 1482 813 1515 Numen
839 1486 888 1515 est
911 1484 1106 1523 perenniter.

253 1567 339 1594 Brev.
358 1567 515 1595 Lundense
534 1568 603 1603 imp.
619 1567 741 1595 Parisiis
764 1564 845 1595 1517.
867 1583 904 1587 -—
927 1565 953 1601 2,
977 1565 993 1595 6
1011 1568 1078 1595 Poli
1099 1568 1226 1595 devotio.
1249 1582 1285 1587 —
1307 1567 1333 1603 5,
1355 1566 1372 1596 6
1396 1569 1498 1604 nardo,

179 1606 264 1633 cimo.
286 1619 323 1623 —
345 1604 371 1640 7,
397 1604 414 1634 6
435 1606 560 1634 Tuimen
581 1608 635 1634 est.

606 1737 667 1769 158.
698 1736 742 1768 De
762 1736 885 1768 Sanctis
908 1737 1070 1778 Reliquiis.

745 1805 794 1835 Ad
813 1805 942 1836 Laudes.

179 1875 208 1908 1.
237 1873 388 1907 Laudant
412 1877 499 1907 astra
524 1876 681 1907 matutina
872 1877 902 1909 3.
932 1876 995 1908 Vos
1021 1875 1180 1908 scintillae
1206 1878 1409 1909 coruscantes

286 1922 492 1955 Conditorem
518 1924 668 1964 omnium,
977 1925 1056 1965 Igne
1080 1923 1149 1955 veri
1173 1923 1311 1967 luminis,

237 1971 376 2011 Quorum
398 1971 496 2003 robur
520 1972 553 2003 in
579 1972 673 2004 ruina
930 1972 1002 2005 Cito
1027 1980 1121 2004 cursu
1146 1973 1381 2004 transmeantes

282 2019 383 2051 Mane
409 2019 621 2052 dilabentium
977 2020 1118 2060 Stipulas
1149 2020 1327 2061 arundinis,

237 2067 343 2100 Subiit
368 2067 499 2101 chorum
525 2068 710 2109 angelorum
931 2069 1092 2102 Christum
1115 2077 1247 2109 passum
1273 2071 1490 2101 contestantes

285 2115 401 2149 Coelus
427 2116 673 2157 resurgentium.
978 2117 1074 2150 Unda
1098 2116 1199 2148 vestri
1223 2117 1398 2157 sanguinis,

178 2176 209 2209 2.
235 2172 335 2206 Mane
359 2182 487 2215 novum,
515 2183 608 2207 mane
633 2174 751 2207 laetum
869 2177 901 2209 4.
926 2174 1141 2208 Illustrandos
1168 2173 1315 2206 claritate

282 2222 466 2255 Praecessit
488 2222 522 2254 in
550 2222 664 2266 capite,
975 2224 1041 2256 Vos
1077 2223 1170 2255 decet
1194 2222 1331 2263 agilitas,

235 2270 327 2309 Quod
352 2273 517 2303 aeternum
542 2273 574 2303 et
597 2271 736 2312 quietum
928 2271 1016 2304 Mira
1042 2280 1111 2303 cum
1137 2269 1317 2302 subtilitate

283 2317 425 2359 Capietis
450 2319 571 2360 inclite,
974 2320 1032 2351 Fit
1055 2318 1308 2362 impassibilitas,

236 2366 363 2399 Christo
390 2366 476 2410 freti,
503 2376 563 2407 per
588 2367 649 2400 hoc
674 2365 792 2398 fretum
929 2366 1035 2408 Larga
1059 2367 1121 2399 Dei
1146 2366 1268 2406 pietate

282 2414 349 2447 Nos
374 2415 435 2447 sibi
462 2416 633 2449 traducite.
978 2415 1131 2456 Corporis
1155 2414 1236 2447 haec
1260 2415 1409 2455 qualitas.

1285 2469 1328 2497 7*
