1653 2637
724 116 982 152 —283—

189 209 221 244 5.
247 210 310 242 Per
336 209 480 244 diversas
504 213 650 253 regiones
878 215 911 249 7.
937 216 1082 256 Sanctus,
1109 214 1197 248 felici
1220 214 1355 248 foedere

247 258 340 290 Fecit
365 260 594 302 ordinationes,
934 264 1082 295 Insidens
1108 264 1196 297 Petri
1223 265 1396 296 cathedrae

248 305 293 337 Et
317 315 394 338 arae
417 307 595 340 ministeria
934 311 1036 343 Annis
1062 314 1131 343 octo
1156 312 1239 352 plus,
1269 313 1452 344 thesaurum

249 354 385 394 Argenti
411 356 452 388 de
476 356 619 392 materia.
935 358 1023 390 Dans
1048 358 1241 399 pauperibus
1267 362 1300 391 et
1323 368 1444 393 aurum.

188 410 220 443 6.
246 410 394 443 Illustres
423 412 630 446 Valerianum
878 414 909 448 8.
937 414 1056 457 Captus
1080 415 1253 456 plumbatis
1280 416 1434 457 caeditur,

244 458 290 489 Et
316 459 495 492 Tiburtium
521 470 705 501 germanum
934 462 979 494 Et
1001 463 1122 494 idolum
1149 463 1307 503 dejicitur,

247 506 325 538 Cum
350 506 488 539 tribunis
514 508 691 548 baptizavit
934 509 1020 541 Hinc
1044 509 1181 542 fustibus
1206 511 1396 543 verberatur

244 553 290 585 Et
314 554 411 597 mille,
438 564 515 595 quos
540 554 736 588 informavit.
930 556 976 588 Et
1000 558 1202 597 postmodum
1228 558 1415 593 decollatur.

500 614 532 645 9.
560 611 673 645 Gloria
696 613 767 652 tibi,
792 613 941 656 Domine,

560 660 619 699 Qui
643 660 730 692 locas
756 661 837 692 coeli
863 661 999 693 culmine

557 706 735 748 Urbanum,
758 715 912 746 gemmam
938 708 1131 751 praesulum,

556 753 651 786 Nunc
676 757 708 785 et
730 762 791 794 per
815 764 908 786 omne
932 756 1105 790 saeculum.

258 837 367 864 Dium.
387 847 441 865 ms.
462 839 635 866 Brisacense
656 846 731 866 saec.
758 837 801 867 15.
838 839 908 867 Cod.
929 839 1102 876 Friburgen.
1123 838 1170 867 56.
1192 854 1230 858 —
1250 837 1276 874 ὃ,
1297 838 1317 867 2
1336 840 1440 868 lilium.
1463 855 1501 860 —

182 872 210 908 7,
231 873 252 902 4
272 877 302 902 et
322 884 427 903 aurum
452 878 579 911 erganzt.

647 996 717 1028 502.
746 997 790 1029 De
810 998 921 1029 saneta
940 997 1068 1029 Ursule.

185 1077 219 1110 1.
246 1079 325 1120 Ave,
353 1077 443 1117 virgo
466 1075 625 1117 florigera,
874 1080 906 1112 3.
932 1077 987 1111 Sic
1011 1086 1120 1110 servas
1144 1086 1256 1117 pacem
1280 1078 1406 1118 patriae

244 1124 308 1156 Tot
330 1124 459 1156 milibus
481 1126 516 1156 tu
540 1125 681 1164 vernula,
931 1124 976 1157 Et
1001 1125 1140 1157 consulis
1164 1126 1351 1163 moestitiae,

243 1171 291 1203 Te
312 1172 375 1204 Dei
403 1171 515 1203 fovens
540 1172 644 1212 gratia
932 1173 995 1204 Pro
1021 1181 1083 1212 qua
1106 1174 1200 1212 pater
1225 1172 1380 1205 sollicitus

244 1219 354 1259 Elegit
381 1218 421 1251 de
442 1219 620 1253 Britannia.
932 1219 979 1251 Et
1002 1220 1105 1252 tristis
1130 1223 1179 1251 est
1203 1222 1237 1251 et
1261 1220 1386 1252 dubius.

184 1277 215 1309 2.
242 1276 293 1307 Tu
322 1277 409 1316 patri
437 1276 494 1308 das
520 1276 697 1319 consilium,
872 1279 906 1310 4.
932 1276 969 1308 In
999 1276 1127 1308 navium
1152 1277 1328 1315 praeludiis

242 1323 293 1355 Ne
317 1323 447 1355 abdicet
472 1323 673 1363 connubium,
932 1323 979 1355 Tu
1006 1322 1112 1356 defers
1137 1322 1247 1356 florem
1274 1324 1415 1366 virginis,

240 1370 369 1403 Edocta
392 1372 441 1403 sic
465 1371 504 1403 ab
531 1372 644 1411 angelo
930 1371 1094 1403 Anhelans
1120 1371 1162 1403 ad
1188 1372 1386 1413 martyrium,

243 1418 321 1450 Visn
345 1419 447 1451 noctis
471 1419 610 1452 silentio.
929 1418 1107 1459 Requirens
1133 1418 1193 1450 Dei
1224 1418 1335 1452 filium.

547 1477 578 1508 5.
605 1475 656 1508 Sit
677 1475 746 1508 laus
771 1475 858 1516 patri
884 1484 954 1507 cum
978 1474 1056 1514 filio,

608 1523 743 1563 Spiritui
767 1522 926 1564 paraclito

606 1570 654 1603 Sit
677 1579 762 1603 nunc
785 1574 818 1602 et
840 1579 967 1611 semper
991 1570 1094 1611 gloria

606 1618 658 1651 Ab
684 1619 745 1650 hac
768 1618 832 1651 Dei
856 1616 989 1651 familia.

257 1704 344 1732 Brev.
370 1712 423 1731 ms.
442 1703 555 1731 Montis
574 1701 605 1730 S.
623 1703 741 1730 Mariae
759 1700 794 1737 (‘?)
816 1710 893 1730 saec.
915 1701 991 1730 ¹³)14.
1032 1701 1101 1730 Cod,
1124 1701 1379 1738 Guelfenbyteran.
1399 1702 1498 1730 Helm.

178 1741 244 1771 532.
271 1743 304 1770 A.
332 1756 370 1761 —
396 1742 482 1769 Brev.
509 1749 563 1768 ms.
590 1741 701 1768 Montis
726 1740 756 1768 S.
783 1741 898 1768 Mariae
923 1742 994 1768 anni
1024 1737 1105 1768 1340.
1147 1740 1218 1768 Cnd.
1242 1739 1498 1776 Guelfenbyteran.

177 1781 276 1809 Helm.
304 1779 369 1808 506.
394 1780 429 1808 Β.
456 1793 494 1799 --
520 1779 629 1814 Hymn.
654 1787 708 1806 ms.
734 1778 846 1807 Montis
873 1779 902 1807 S.
927 1779 1043 1806 Mariae
1069 1787 1145 1806 saec.
1173 1777 1217 1806 14.
1265 1779 1333 1806 Cod.
1360 1779 1497 1807 Guelfen-

177 1819 312 1855 byteran.
333 1818 431 1846 Helm.
455 1814 537 1845 1340.
561 1816 593 1844 G.
616 1831 653 1836 —
677 1815 708 1850 1,
727 1815 748 1844 4
766 1816 868 1853 Elegit
885 1816 959 1845 fehlt
977 1817 1012 1844 A.
1032 1830 1071 1835 ——
1091 1815 1118 1851 2,
1140 1814 1159 1843 2
1180 1817 1295 1844 addicet
1313 1817 1350 1843 A.
1372 1832 1411 1836 —
1429 1814 1457 1852 3,
1481 1816 1495 1844 1

179 1858 239 1886 Hic
255 1865 357 1885 servas
378 1856 412 1883 B.
436 1870 475 1875 —
494 1853 521 1890 3,
541 1853 560 1882 2
580 1855 686 1883 mestie
704 1856 739 1882 A.

635 1976 704 2009 503.
734 1977 777 2009 De
799 1977 912 2009 saneta
931 1976 1057 2009 Ursule.

178 2062 209 2097 1,
235 2061 308 2094 Hae
331 2061 471 2101 pausant
492 2059 525 2091 in
551 2058 694 2100 Colonia,
870 2060 903 2092 3.
928 2057 975 2091 Ut
998 2058 1046 2090 sic
1069 2056 1150 2090 flore
1174 2057 1317 2098 virgineo

234 2110 319 2149 Quas
344 2108 435 2141 novit
458 2106 650 2140 Alemannia
927 2105 1085 2138 Fruamur
1109 2106 1143 2137 in
1168 2106 1229 2138 hoc
1253 2107 1389 2149 saeculo,

233 2157 280 2190 Et
305 2156 444 2190 Graecia
469 2163 539 2187 cum
563 2154 658 2187 India
924 2153 976 2186 Ne
1001 2163 1072 2186 cum
1096 2153 1202 2186 stultis
1227 2153 1404 2195 virginibus

233 2207 380 2246 Totaque
404 2203 486 2236 coeli
512 2202 611 2236 curia.
926 2203 1032 2234 Pellat
1056 2210 1191 2243 sponsus
1214 2201 1396 2235 luminibus.

174 2264 207 2296 2.
232 2263 331 2303 Ergo,
357 2262 448 2303 virgo
470 2260 698 2302 pulcherrima,
866 2261 897 2292 4.
925 2258 975 2291 Sit
997 2260 1068 2291 laus
1092 2260 1179 2299 patri
1205 2268 1276 2291 cum
1299 2258 1376 2303 filio,

233 2311 312 2343 Cum
336 2313 393 2343 tua
415 2309 513 2342 turba
536 2305 662 2350 fulgida
925 2306 1059 2348 Spiritui
1084 2307 1242 2347 paraclito

232 2357 362 2390 Nostris
386 2358 519 2390 intende
542 2356 693 2396 precibus
923 2354 973 2387 Sit
996 2364 1082 2387 nunc
1107 2357 1139 2386 et
1163 2363 1290 2396 semper
1314 2354 1415 2395 gloria

230 2405 366 2439 Devotis
391 2407 424 2437 et
448 2404 659 2445 supplicibus,
922 2401 974 2435 Ab
999 2403 1061 2435 hac
1083 2402 1146 2435 Dei
1171 2401 1303 2437 famffia.
