1653 2637
669 114 927 149 *159-

410 214 442 245 5.
471 211 521 243 Sit
545 211 630 243 salus
655 211 713 253 illi,
744 211 839 243 decus
866 212 961 250 atque
984 209 1096 248 virtus,

466 258 525 297 Qui
550 267 649 297 supra
675 258 755 289 coeli
779 257 924 289 residens
948 264 1095 288 cacumen

466 305 578 336 Totius
602 305 713 338 mundi
736 304 916 337 machinam
941 304 1098 343 gubernat

514 352 630 384 Trinus
657 356 690 385 et
714 361 805 386 1111115.

145 469 170 496 Τ
223 430 328 496 chfioia
346 440 400 496 mlsl.
421 439 496 459 saec.
520 429 564 459 15.
600 431 670 459 0011.
692 430 860 469 Sangallen.
880 430 946 460 415,
969 445 1006 450 -
1026 432 1098 459 Zum
1119 430 1294 468 Vergleiehe
1313 431 1388 467 folgt
1407 432 1459 459 der

172 470 221 496 ext
259 478 290 497 er
309 470 371 504 Que
396 478 426 497 e:

224 505 248 534 1.
270 507 425 536 Confessor
448 507 571 536 Domini
599 504 752 536 cunradus
782 508 921 536 sacerdos
951 510 981 535 et
1004 508 1136 544 pontifex
1157 507 1253 536 almus
1272 508 1350 536 laete
1369 508 1458 536 hodie

147 546 256 573 meruit
275 547 388 574 secreta
407 546 545 574 scandere
566 546 649 574 coeli.

224 581 251 610 2.
271 585 307 612 In
322 584 478 619 juventute
496 585 554 612 fuit
573 584 688 613 sobrius
710 585 777 620 pius
798 585 925 612 clemens
945 592 1105 620 pauperum
1120 587 1203 620 pater
1219 584 1365 612 eastitatis
1379 591 1458 612 ama-

142 623 190 648 tor
213 621 275 649 e'us
294 623 445 658 vegetavit
464 622 526 657 ejus
547 624 677 658 corporis
698 625 787 649 artus.

220 630 247 687 ἐ.
267 660 338 688 Ε’1ο5
364 660 498 695 paradisi
526 661 645 697 praesul
665 657 800 688 OE’mrade
820 660 889 688 audi
909 668 1010 696 preces
1031 658 1196 697 supptioum
1217 662 1248 688 et,
1265 660 1459 696 languentum

142 697 274 725 membra
293 706 376 726 eures
397 707 414 726 a
434 699 568 735 quolibet
586 699 696 727 morbo.

220 734 247 764 4.
269 736 383 764 Chorus
403 739 433 764 te
452 736 555 765 laudat
574 737 757 765 sacerdotum
781 740 811 765 et
829 738 977 774 virg-inum
999 738 1086 766 turba
1105 738 1136 764 in
1156 737 1268 765 honore
1279 740 1331 765 tuo
1347 739 1460 775 pangat

143 773 309 802 Katheriua
330 771 399 811 [510]
417 778 453 804 ut,
470 777 531 803 tuis
547 776 683 811 juvemur
702 776 826 804 meritis.

224 811 250 840 5.
272 812 318 841 Sit,
336 813 418 841 salus
439 813 486 842 1111
506 813 602 842 decus.

521 964 589 995 268.
623 964 667 995 De
689 971 730 995 ss.
752 964 857 995 cosma
878 966 909 995 et
928 964 1088 996 flamiam».

419 1043 450 1075 1.
476 1042 663 1075 Sanctorum
690 1042 773 1075 festa
800 1042 995 1075 celebremus
1021 1051 1138 1082 omnes,

475 1090 607 1122 Trinum
635 1092 667 1121 et
691 1099 788 1122 unum
812 1090 984 1122 Dominum
1010 1089 1184 1128 laudemus,

474 1137 665 1177 Patremque
691 1142 847 1178 sanctum,
874 1137 976 1169 filium
1001 1138 1068 1178 eius
1093 1140 1125 1168 et,

517 1185 673 1225 Spiritum
698 1189 851 1218 sanetum.

415 1262 447 1293 2.
474 1261 636 1300 Hymnum
662 1270 822 1302 canamus,
848 1261 979 1293 vocibus
999 1261 1178 1302 laudamus,

474 1307 579 1340 Corde
604 1310 636 1339 et
660 1316 716 1340 ore
738 1308 840 1340 Deum
867 1308 1061 1347 confitemur,

474 1354 520 1387 Ut
544 1364 601 1387 nos
626 1355 743 1396 ubique
767 1355 832 1388 fide
856 1355 1015 1388 stabilitos

520 1402 646 1434 Firmet
670 1404 703 1435 in
727 1412 817 1443 paee.

412 1481 444 1514 3.
470 1478 541 1510 Hoc
564 1479 773 1519 interpellant
794 1488 853 1519 pro
878 1479 970 1511 nobis
993 1479 1028 1511 in
1054 1479 1150 1510 coelis

472 1525 660 1558 Sanctorum
685 1527 799 1558 merita
826 1526 958 1559 Cosmae
984 1528 1016 1557 et
1041 1526 1200 1568 Damiani‚

471 1573 531 1612 Qui
554 1574 589 1606 in
613 1574 675 1606 isto
700 1575 770 1606 1000
795 1574 898 1606 nostri
923 1573 1078 1607 famulatu

519 1620 653 1660 Semper
678 1621 835 1655 coluntur.

412 1698 444 1730 4.
473 1697 593 1735 Quibus
620 1696 744 1730 donasti
769 1696 905 1737 gratiam
928 1696 1072 1737 curandi,

471 1743 655 1784 Languores
681 1744 841 1776 hominum
866 1747 960 1784 atque
980 1744 1165 1784 bestiarum,

472 1791 539 1823 Nos
563 1794 679 1825 sanent
702 1799 828 1831 semper
853 1799 986 1831 corpore
1011 1788 1201 1835 [menteque]

519 1840 627 1880 Atque
653 1838 840 1874 defendant.

419 1917 450 1949 5.
478 1915 578 1947 Simul
605 1923 674 1947 cum
699 1915 771 1946 istis
797 1914 1004 1955 omnibusque
1030 1914 1148 1946 sanetis

473 1963 573 1995 Orent
598 1971 656 2002 pro
681 1962 773 1995 nobis
796 1962 915 2002 Jugiter
939 1963 972 1994 in
1000 1963 1096 1996 coelis

473 2011 581 2051 Atque
605 2019 665 2050 pro
689 2009 785 2050 plebe
808 2010 946 2042 Domino
974 2009 1090 2043 devota

521 2058 783 2093 Christianorum.

412 2136 443 2168 6.
471 2135 558 2168 Η1110
582 2134 753 2168 adoramus
779 2137 874 2175 atque
901 2142 1090 2167 veneramur

469 2182 729 2224 Omnipotentem
753 2182 922 2215 Dominum
950 2185 1146 2225 regnantem,

469 2231 529 2270 Qui
551 2239 648 2272 super
673 2230 777 2263 coelos
802 2229 925 2262 residet,
946 2231 980 2262 in
1005 2239 1080 2262 aree

517 2279 635 2311 Trinus
662 2282 694 2311 et
717 2287 809 2310 unus.

222 2360 309 2388 Brev.
330 2368 383 2388 ms-
405 2360 584 2388 Coloniense
604 2367 681 2387 saec.
697 2356 741 2386 14.
762 2358 803 2385 in.
826 2356 898 2386 0011.
914 2356 1080 2387 Londinen.
1099 2357 1172 2385 Add.
1189 2355 1298 2386 31913.
1341 2373 1353 2376 -
1378 2357 1461 2385 Mel..

145 2399 208 2427 Iste
228 2398 385 2427 confessor.
