1653 2637
732 106 986 142 —138—

208 208 239 240 5.
265 204 290 237 Ο
314 204 533 238 misericordia
883 205 913 237 6.
939 202 1026 234 Talis
1050 211 1071 234 a
1095 202 1291 235 Christicolis

266 253 371 285 Patris
401 255 432 284 et
454 252 605 295 potentia,
938 249 985 282 Et
1007 249 1091 282 veris
1117 250 1275 283 coelicolis

311 301 336 333 O
361 299 461 332 virtus
487 299 602 340 divina,
986 297 1090 337 Digne
1112 300 1290 342 veneratur,

264 347 310 380 Ut
335 348 374 380 de
398 357 472 379 vase
495 347 578 379 luteo
941 344 999 383 Qui
1024 345 1264 377 inaestimabilis

264 396 361 427 Velut
383 395 423 426 ab
449 403 595 435 empyreo
940 392 1069 424 Vultum
1093 392 1339 433 pulchritudinis

316 442 423 475 stillat
445 441 611 475 medicina.
986 439 1089 480 Digne
1114 441 1353 479 contemplatur.

621 497 653 530 7.
677 496 775 537 Ergo,
799 498 891 535 pater
914 494 1034 534 inclite,

680 543 795 575 Preces
819 545 943 574 nostras
968 542 1100 586 suscipe,

727 590 773 623 Ut
794 591 827 621 te
850 598 1045 631 veneremur,

679 637 782 678 Digne
809 645 879 669 cum
903 638 1053 678 angelicis

679 685 790 717 Choris
816 687 849 716 et
871 685 1020 724 virgineis

727 733 844 765 Tecum
870 732 1062 765 colletemur.

283 799 390 835 Hymn.
416 807 469 825 ms.
494 797 706 826 Emmeramen.
733 805 808 825 saec.
830 795 873 824 15.
914 797 986 824 Clm.
1004 798 1156 825 Monacen.
1186 795 1289 825 14667.
1310 812 1346 815 —
1367 795 1398 832 3,
1425 797 1445 825 4
1462 798 1504 826 Ut

208 838 346 865 moribus.
365 852 401 857 --
421 834 448 870 3,
469 835 486 864 5
506 835 666 863 Plurimum
687 835 724 862 ad
741 836 905 871 pristinum,
927 835 1055 864 offenbar
1071 835 1281 863 verschrieben.

667 935 728 966 231.
757 935 802 967 De
821 936 929 967 sancto
951 935 1053 968 Besso.

744 1001 792 1031 Ad
810 1002 966 1041 Vesperas.

447 1073 479 1107 1.
503 1072 679 1112 Martyrem
705 1070 823 1103 Christi
847 1080 1032 1104 veneremur
1056 1081 1162 1104 omnes

501 1119 581 1158 Ejus
607 1119 711 1151 devoti
736 1120 825 1158 gesta
846 1119 1031 1158 recolentes,

502 1167 601 1207 Aegri
622 1166 779 1198 resultent,
800 1167 934 1206 martyri
957 1166 1092 1207 benigno

550 1215 633 1246 Vota
657 1213 825 1244 solventes.

448 1273 481 1306 2,
505 1271 628 1302 Psallat
652 1273 778 1301 caterva
804 1270 988 1303 clericorum
1012 1271 1105 1310 laeta,

503 1318 660 1359 Plebsque
681 1316 785 1348 fidelis
810 1317 913 1350 animo
937 1326 1047 1350 sereno

503 1365 595 1398 Bessi
617 1367 741 1397 sacrata
766 1364 905 1396 celebret
927 1365 1074 1397 solemnis

550 1413 666 1444 Annua
688 1410 780 1445 festa.

450 1471 483 1503 3.
506 1468 567 1501 Dei
590 1468 719 1509 athleta,
745 1467 802 1498 tibi
826 1466 1016 1500 famulantes

504 1515 626 1548 Refove
649 1523 756 1547 servos
779 1515 946 1547 miseratus
971 1524 1088 1556 omneS‚

504 1562 643 1596 Maxime
666 1564 772 1594 tamen
794 1562 863 1603 hos,
888 1563 942 1603 qui
965 1565 999 1594 te
1020 1562 1232 1604 frequentant,

550 1609 788 1650 Hipporienses.

447 1670 479 1701 4.
508 1667 643 1699 Vulnera
666 1669 769 1707 tergat
793 1666 939 1699 vitiorum
963 1671 1082 1708 nostra,

505 1716 633 1754 Martyr
653 1714 797 1754 insignis,
822 1716 935 1754 potens
960 1715 1060 1747 virtus
1085 1718 1148 1756 tua,

504 1762 589 1801 Quae
611 1761 831 1801 languidorum
854 1762 907 1802 pie
930 1761 1115 1795 reformavit

552 1809 693 1849 Corpora
714 1810 823 1841 multa.

447 1870 477 1900 5.
505 1866 628 1898 Cernua
644 1865 747 1899 Deum
770 1864 945 1905 flagitemus
969 1875 1074 1909 prece,

505 1913 632 1946 Meritis
657 1914 719 1944 tuis
736 1913 820 1946 mala
845 1915 956 1945 cuncta
979 1914 1065 1956 tolle,

503 1961 561 2000 Qui
584 1961 744 1992 laureatus
766 1961 910 1992 bravium
935 1961 1078 1993 coelestis

551 2008 699 2040 Possides
724 2009 824 2040 aulae.

449 2068 482 2098 6.
506 2064 650 2104 Simplici
672 2064 741 2096 Deo
765 2064 948 2104 pariterque
970 2065 1065 2106 trino²

504 2112 591 2144 Patri
624 2119 664 2143 ac
682 2114 757 2143 nato
779 2112 981 2150 neumatique
1002 2121 1103 2152 sacro,

503 2159 641 2192 Militem
665 2167 755 2189 suum
777 2158 830 2199 qui
854 2159 901 2190 sic
923 2159 1109 2202 muneravit,

553 2206 638 2238 Laus
662 2206 704 2236 sit
726 2206 760 2238 in
784 2214 872 2239 aevo,

285 2273 370 2300 Brev.
389 2280 442 2299 ms.
461 2272 694 2308 Hipporegiense
713 2273 782 2298 anni
803 2268 884 2298 1488.
914 2270 981 2298 Cod.
997 2271 1091 2308 Capit.
1104 2273 1314 2309 Hipporegien.
1335 2271 1362 2300 9.
1381 2289 1420 2294 —
1440 2272 1467 2311 2,
1487 2272 1506 2302 2

210 2311 304 2339 fidelis
324 2320 376 2338 suo
396 2319 506 2338 sereno.
525 2324 564 2328 --
585 2307 612 2346 3,
634 2308 648 2337 1
669 2309 789 2337 Diei-um
810 2309 928 2337 athleta.
949 2324 988 2330 ·-—
1006 2307 1033 2345 3,
1052 2307 1071 2338 2
1083 2310 1193 2339 Refove
1211 2320 1264 2339 nos
1284 2313 1448 2341 miseratus.
1467 2329 1507 2333 —

210 2349 241 2386 5,
269 2347 284 2376 1
312 2349 427 2377 Cernua
443 2348 609 2376 Dominum.
635 2363 672 2368 --
697 2347 754 2375 Die
772 2346 921 2375 Abschrift
943 2347 1037 2376 dieses
1064 2350 1153 2376 sowie
1177 2348 1229 2377 der
1254 2350 1410 2386 folgenden
1432 2353 1505 2379 zwei

209 2389 348 2423 Hymnen
364 2386 462 2414 danke
480 2387 529 2414 ich
548 2386 599 2413 der
618 2386 694 2414 Giite
711 2386 762 2414 des
779 2385 1017 2421 Hochwiirfligen
1035 2386 1135 2415 Herm
1148 2388 1183 2415 P.
1195 2387 1303 2416 Fedele
1322 2387 1412 2417 Savio
1433 2391 1463 2419 S.
1476 2390 1506 2418 J.
