1653 2637
199 202 230 234 5.
255 201 316 234 Ille
337 210 396 241 pro
420 203 454 234 te
477 201 674 234 Pharaonem
889 201 922 232 8.
947 199 997 231 Tu
1021 198 1079 231 das
1102 198 1153 230 illi
1175 206 1233 238 pro
1258 196 1360 237 regali

255 248 331 282 Cum
356 250 502 290 Aegypto
527 247 709 290 flagellavit,
947 246 1079 285 Sceptro
1106 254 1247 285 cannam,
1274 254 1332 284 pro
1358 251 1475 275 corona

254 296 323 329 Tua
346 306 456 330 manus
482 298 548 337 ejus
575 306 701 329 carnem
944 293 1026 325 Dira
1051 293 1144 326 nimis
1170 296 1202 325 et
1227 291 1349 324 crudeli

252 344 461 386 Flagellando
485 344 647 377 laceravit.
944 340 1048 383 Caput
1072 341 1139 380 ejus
1162 340 1278 380 pungis
1300 338 1403 379 spina.

196 402 228 435 6.
254 403 292 435 In
318 402 463 433 columna
485 403 559 440 post
584 401 732 433 ducatum
888 400 920 431 9.
944 398 1008 429 Hic
1032 400 1065 430 te
1088 406 1214 437 semper
1239 395 1404 437 exaltavit,

254 449 308 482 Ad
333 451 450 481 terram
476 447 553 480 fecit
577 448 737 488 optimam,
946 445 1043 484 Quem
1067 454 1145 485 prae
1171 445 1291 476 cunctis
1314 440 1499 482 despexisti,

254 497 307 528 Ad
334 497 508 528 columnam
533 498 567 526 tu
592 494 722 534 ligatum
946 492 1049 533 Super
1074 500 1180 523 omnes
1206 493 1238 522 te
1265 490 1388 529 ditavit,

255 544 308 576 Ad
332 552 465 584 poenam
492 543 621 574 damnas
637 541 818 581 pessimam.
945 540 1044 579 Quem
1066 542 1104 571 ut
1126 538 1230 571 furem
1254 536 1459 578 suspendisti.

197 601 228 633 7.
254 602 330 641 Ipse
352 600 412 632 tibi
435 608 493 639 per
519 599 678 631 desertum
878 598 932 633 10,
947 597 1032 638 Ergo
1057 597 1171 628 saltem
1190 597 1255 636 jam
1281 596 1435 626 occissum

254 648 355 680 Dulce
383 655 498 679 manna
521 645 722 686 ministravit,
946 644 1129 685 Deprecare
1153 652 1256 676 meum
1281 645 1400 681 natum,

256 695 319 727 Sed
344 697 431 726 tuum
457 693 501 726 fel
526 696 558 726 et
582 695 703 727 acetum
947 693 1025 724 Tam
1050 692 1157 732 inique
1183 689 1375 729 crucifixum,

255 743 297 776 Os
321 742 407 774 illius
431 741 592 774 toxicavit.
946 740 1049 772 Tuum
1072 742 1185 780 parcat
1206 742 1244 770 ut
1266 741 1400 771 reatum.

248 798 472 864 'Qfficstolffohsw
502 806 558 825 sec.
588 805 672 824 usum
697 797 846 825 Romanae
875 798 973 824 curiae
998 797 1067 832 imp.
1094 796 1126 822 in
1152 794 1253 823 Castro
1280 794 1379 822 Lauro
1402 792 1501 821 Curtis

196 845 315 873 majoris
412 856 418 862 .

589 889 652 921 109.
681 889 724 921 De
745 888 1009 921 commendatione
1028 887 1116 920 BMV.

738 946 786 977 Ad
804 946 961 985 Vesperas.

204 1000 234 1033 1.
260 999 382 1038 Lauda,
407 1001 509 1030 mater
533 998 677 1039 ecclesia,
878 998 911 1031 4.
937 996 982 1029 Ni
1005 997 1102 1029 sciret
1125 995 1210 1028 vitae
1234 995 1392 1027 medicum

257 1046 369 1078 Lauda
395 1045 513 1078 Christi
539 1045 746 1088 clementiam,
940 1043 1050 1077 Gentis
1075 1042 1160 1076 ferre
1184 1043 1371 1083 antitodum,

257 1093 315 1133 Qui
340 1102 415 1125 suae
442 1092 535 1133 digne
559 1092 690 1134 virginis
938 1091 983 1125 Ut
1007 1102 1025 1124 a
1049 1091 1160 1124 morbo
1185 1090 1353 1131 multiplici

257 1140 373 1173 Matris
397 1140 492 1180 pellit
514 1139 686 1173 tristitiam.
939 1139 1053 1172 Poenis
1078 1140 1206 1171 curetur
1230 1138 1357 1179 medici,

199 1201 230 1231 2.
257 1197 372 1237 Maria,
399 1199 501 1229 mater
522 1197 661 1237 Domini,
880 1197 912 1230 5.
937 1196 1098 1228 Deficeret
1120 1195 1289 1239 moestitia,

258 1245 359 1278 Plena
382 1247 472 1277 tanta
495 1244 654 1276 moestitia
940 1244 1004 1276 Sed
1030 1243 1167 1275 credidit
1190 1242 1318 1283 fiducia,

261 1292 460 1332 Cernensque
484 1300 602 1332 poenas
626 1290 685 1323 filii
938 1291 989 1323 Ab
1013 1292 1085 1330 ipsa
1110 1290 1202 1323 fauce
1225 1291 1339 1323 tartari

257 1341 296 1372 ln
325 1340 427 1371 crucis
452 1338 661 1371 vehementia.
938 1339 1057 1371 Redire
1081 1339 1123 1371 ad
1147 1338 1233 1372 vitae
1256 1338 1378 1370 limina.

200 1399 231 1431 3.
255 1397 373 1428 Dolent
398 1398 542 1428 materna
567 1396 699 1434 viscera,
881 1395 911 1428 6.
939 1396 1124 1436 Surgentem
1150 1403 1220 1427 cum
1245 1396 1380 1427 victoria

258 1443 435 1477 Condolent
457 1446 582 1483 pontus»,
610 1444 748 1482 aethera,
938 1444 1048 1477 Jesum
1074 1443 1177 1476 credit
1202 1443 1241 1475 ab
1266 1441 1389 1483 inferis,

261 1491 431 1524 Cernentes
456 1499 560 1530 regem
587 1491 707 1530 gloriae
940 1490 1017 1524 Cum
1040 1491 1129 1522 luctu
1153 1490 1288 1522 miscens
1313 1490 1430 1530 gaudia

257 1540 295 1571 In
322 1547 415 1570 cruce
439 1538 658 1572 contumeliae.
938 1538 1069 1570 Secreta
1091 1546 1225 1571 noscens
1249 1537 1399 1570 foederis,

596 1596 625 1628 7.
653 1595 717 1628 Uni
741 1595 810 1627 Deo
835 1595 878 1626 sit
899 1595 1001 1634 gloria

652 1643 714 1675 Pro
738 1640 926 1674 multiformi
950 1643 1062 1683 gratia,

652 1690 710 1730 Qui
734 1691 844 1722 matris
869 1690 923 1730 pia
948 1690 1071 1723 viscera

652 1736 820 1771 Confertat
843 1737 876 1769 in
901 1738 1042 1771 tristitia.

275 1793 393 1830 Antiph.
429 1802 481 1821 ms.
509 1792 694 1821 Galeariense
727 1802 802 1821 saec.
830 1790 873 1821 16.
921 1792 989 1821 Ood.
1015 1794 1102 1821 Arch.
1129 1793 1291 1821 Calcarien.
1324 1794 1370 1826 A„
1389 1793 1431 1822 14.
1470 1808 1507 1813 —·

198 1829 421 1898 Ξέθὲἰᾱῇθξὲεῒει
439 1834 529 1859 tanta.
550 1847 588 1852 w
607 1830 639 1867 4,
659 1830 679 1859 4
698 1834 856 1859 curaretur.
880 1846 913 1851 --
932 1830 963 1866 5,
987 1829 1001 1859 1
1024 1831 1131 1860 Deficit
1150 1840 1186 1860 ex
1205 1833 1365 1860 moestitia.
1391 1849 1423 1853 —
1445 1830 1471 1866 6,
1489 1831 1507 1859 2

661 1915 717 1947 110.
746 1916 789 1946 De
811 1914 938 1947 Gaudiis
957 1915 1045 1947 BMV.

203 1968 231 1999 1.
258 1967 408 1999 Exsultet
433 1968 553 1999 coelum
575 1966 733 2007 laudibus,
883 1969 914 2001 3.
942 1968 1056 2000 Omnia
1083 1976 1205 2008 quoque
1229 1968 1337 2000 sidera

258 2014 406 2047 Resultet
432 2016 521 2046 terra
545 2014 681 2055 gaudiis,
941 2014 1018 2046 Cum
1044 2015 1111 2054 ejus
1135 2018 1238 2047 matre
1262 2015 1431 2056 gaudeant,

259 2062 373 2093 Nullus
393 2063 436 2093 sit
458 2060 530 2093 finis
557 2061 700 2094 cantibus
941 2062 1038 2100 Quem
1062 2065 1159 2103 terra,
1186 2065 1312 2105 pontus,
1339 2063 1469 2095 aethera

258 2110 322 2142 Pro
347 2108 471 2141 Mariae
495 2109 658 2148 tripudiis.
942 2109 1065 2149 Colunt,
1092 2110 1239 2151 adorant,
1265 2110 1466 2151 praedicant.

202 2168 234 2200 2.
260 2166 433 2198 Laeteutur
459 2167 563 2198 cuncti
588 2166 729 2198 homines
884 2167 916 2199 4.
941 2165 986 2197 Et
1010 2168 1054 2206 tu,
1082 2166 1218 2208 benigne
1241 2166 1388 2212 Domine,

259 2215 365 2253 Atque
388 2216 568 2246 sanctorum
593 2214 718 2254 agmina
939 2213 1000 2253 Qui
1024 2222 1057 2245 es
1078 2213 1165 2246 illius
1190 2215 1338 2255 gaudium

258 2262 301 2294 Et
327 2262 493 2294 concinant
514 2261 678 2293 unanimes
940 2260 1007 2294 Fac
1029 2270 1086 2294 nos
1111 2270 1179 2294 cum
1204 2263 1275 2304 ipsa
1300 2264 1426 2307 virgine

256 2309 311 2342 Illi
333 2309 475 2349 jucunda
497 2309 647 2344 carmina.
944 2309 1026 2342 Duci
1050 2311 1092 2342 ad
1116 2311 1205 2351 regni
1229 2311 1353 2346 solium.

248 2404 254 2410 .
276 2364 477 2433 Qffi<i5oB3MV'
506 2373 562 2394 sec.
590 2374 676 2393 usum
701 2365 852 2394 Romanae
876 2364 980 2393 Curiae
1006 2366 1075 2402 imp.
1102 2368 1134 2394 in
1162 2366 1263 2396 Castro
1286 2369 1385 2398 Lauro
1412 2370 1511 2401 Curtis

197 2413 317 2441 majoris
415 2425 421 2431 .
