1653 2637
705 83 752 88 ..-
800 63 848 98 24
896 83 938 88 ,-

339 160 370 192 4.
396 159 457 192 Ille
480 160 640 192 hominum
664 160 795 201 stirpem
819 159 926 199 rapuit
950 159 990 190 de
1014 155 1157 190 faucibus
1184 157 1267 199 Orci,

442 207 504 240 Pro
529 207 620 239 nobis
645 207 744 240 voluit
768 207 901 241 vulnera
927 205 996 237 dira
1020 204 1096 245 pati.

342 275 372 306 5.
400 272 534 306 Sublimi
557 276 682 305 veteres
705 272 854 313 purgavit
878 270 1031 311 sanguine
1055 271 1175 311 culpas,

442 320 488 353 Ut
511 319 626 361 fragile
649 321 819 352 humanum
845 318 979 351 scandat
1003 318 1045 351 ad
1068 322 1155 351 astra
1178 327 1285 358 genus.

341 391 373 424 6.
399 388 517 429 Spinea
539 390 625 420 serta
649 388 722 419 tulit
746 386 888 421 salvator
913 388 945 418 et
969 387 1029 418 hac
1052 387 1183 429 ratione,

443 435 492 468 Ne
514 444 612 477 genus
637 436 807 467 humanum
830 436 953 466 tartara
977 434 1019 465 ad
1043 434 1107 465 ima
1128 436 1210 467 ruat.

342 504 374 536 7.
400 502 505 542 Atque
529 501 601 534 ideo
626 500 743 541 patulis
768 500 913 533 manibus
940 500 1048 532 divina
1071 502 1213 540 potestas

442 550 480 581 In
506 557 599 580 cruce
622 548 801 588 pendebat3
828 548 930 589 gloria,
954 556 1075 579 summa
1098 547 1179 582 Deo,

246 625 330 651 Brev.
358 632 411 651 ms.
439 623 625 651 Trebonense
650 630 725 650 saec.
752 620 797 650 15,
835 622 904 650 eod.
930 622 1052 658 Pragen.
1080 622 1123 650 VI
1149 623 1174 650 F
1198 619 1243 649 20.
1268 621 1303 649 A.
1330 636 1368 640 —
1391 622 1475 649 Brev.

168 663 318 690 Misnense
339 663 405 698 imp.
419 662 539 698 Lipsiae
553 659 635 689 1502.
650 661 682 689 B.
702 675 737 679 —
760 661 864 688 Dimm-
882 661 1031 688 Misnense
1050 662 1119 696 imp.
1136 660 1258 696 Lipsiae
1272 657 1354 687 1511.
1371 659 1403 686 O.

606 777 651 808 27.
681 777 725 808 De
745 776 892 808 Passione
911 776 1040 808 Domini.

666 853 715 884 Aci
736 854 972 891 Completorium.

340 935 371 968 1.
397 934 515 966 Sancta
534 933 597 965 Dei
617 933 765 973 genitrix,
790 935 911 965 moesta
936 933 1085 965 comitata
1109 933 1248 975 cohorte,

451 981 503 1013 Ad
526 981 594 1013 nati
617 982 705 1013 venit
727 980 834 1012 tristia
856 979 925 1012 fata
949 981 1008 1012 sui.

343 1050 373 1081 2.
400 1048 452 1079 Ad
478 1056 571 1087 quam
595 1050 689 1079 natus
715 1047 773 1078 ait:
799 1047 927 1088 Mulier,
954 1049 1009 1079 tua
1035 1055 1109 1078 cura
1133 1046 1294 1080 Johannes

445 1094 510 1127 Hic
535 1094 596 1126 erit
620 1098 714 1135 atque
741 1095 836 1126 decus
860 1094 1118 1134 praesidiumque
1140 1094 1210 1128 tibi.

343 1163 376 1196 3.
405 1161 484 1194 Caro
511 1161 666 1201 discipulo
694 1161 792 1193 dixit:
820 1160 963 1192 solabere
990 1160 1122 1200 Mariae,

447 1209 571 1241 Deinde
598 1212 691 1243 tuam,
718 1217 798 1248 quae
819 1208 885 1247 jam
910 1208 1009 1240 multa
1036 1207 1172 1240 dolenda
1196 1209 1278 1240 tulit.

347 1277 381 1309 4.
408 1274 582 1307 Succubuit
604 1277 771 1314 postquam
792 1282 903 1306 vocem
928 1274 1076 1314 cognovit
1096 1275 1224 1315 alumni,

448 1323 585 1354 Pectora
609 1321 805 1353 contundens
831 1330 901 1353 cum
924 1322 1022 1354 nimio
1047 1323 1174 1362 gemitu.

351 1391 382 1422 5.
410 1389 433 1421 O
464 1390 596 1428 quantos
617 1387 684 1419 illic
708 1392 811 1420 mater
837 1388 953 1420 dilecta
980 1389 1104 1421 dolores

453 1435 550 1468 Passa
574 1439 631 1475 est,
660 1436 721 1467 hoc
746 1436 861 1467 etenim
885 1436 991 1468 dicere
1015 1445 1106 1468 nemo
1132 1440 1248 1477 potest.

349 1503 381 1536 6.
407 1500 476 1534 Nec
500 1502 616 1541 poterit
642 1502 806 1543 quisquam
833 1502 928 1542 digna
953 1510 1107 1534 ennarare
1128 1503 1263 1543 loquela,

452 1551 550 1588 Quam
575 1557 665 1581 carus
690 1550 784 1581 matri
809 1548 893 1582 filius
918 1550 974 1582 ille
998 1548 1070 1583 fuit.

354 1617 386 1649 7.
410 1615 501 1647 illius
524 1616 668 1655 ingentes
696 1616 835 1647 dieamus
861 1615 1000 1648 carmine
1023 1616 1146 1657 laudes,

453 1663 539 1703 Quae
562 1663 689 1703 populis
714 1663 829 1703 pandit
851 1664 956 1704 prima
978 1663 1090 1695 salutis
1111 1664 1184 1699 iter,

355 1730 384 1763 8.
409 1728 495 1769 Ergo
520 1729 594 1769 piae
618 1730 712 1761 matri
738 1731 779 1762 sit
804 1731 872 1762 laus
899 1732 931 1762 et
954 1730 1064 1772 gloria,
1093 1732 1181 1771 cujus

455 1777 531 1817 Ipsa
554 1777 657 1809 libens
682 1778 780 1810 subiit
805 1778 928 1810 viscera
951 1782 1039 1810 casta
1062 1778 1158 1812 Deus.

260 1851 344 1879 Brev.
368 1859 421 1878 ms.
444 1851 631 1879 Trebonense
659 1861 734 1880 saec.
757 1851 801 1880 15.
842 1851 911 1881 0011.
932 1853 1055 1889 Pragen.
1079 1854 1123 1881 VI
1147 1854 1171 1882 F
1197 1852 1242 1882 20.
1264 1856 1298 1882 A.
1324 1871 1363 1876 —-
1382 1857 1486 1884 Dium.

184 1889 333 1917 Misuense
360 1890 428 1925 imp.
448 1889 569 1926 Lipsiae
591 1888 672 1917 1511.
694 1891 726 1918 B.
748 1906 782 1910 —
803 1889 837 1925 3,
865 1890 881 1918 1
906 1891 1036 1919 solahete
1061 1892 1094 1919 A.
1113 1907 1152 1913 ——
1171 1890 1204 1926 3,
1231 1891 1248 1919 2
1268 1893 1384 1922 Exinde
1408 1897 1490 1923 tuam

183 1928 218 1955 B.
237 1942 276 1947 —-—
296 1925 320 1960 6,
342 1925 359 1954 2
378 1927 456 1955 filius
477 1929 541 1964 ipse
564 1927 594 1955 U.

638 2038 685 2069 28.
714 2039 863 2079 Tempore
881 2039 1047 2071 Passionis.

686 2116 734 2145 Ad
755 2116 990 2155 Completorium.

189 2195 223 2229 1,
248 2195 304 2234 Qui
334 2193 434 2225 noctis
458 2194 491 2225 in
516 2195 641 2227 silentio
871 2198 897 2229 2.
926 2197 1011 2230 Dum
1035 2197 1093 2229 sub
1118 2198 1258 2231 tenebris
1284 2202 1398 2234 circuit

248 2241 466 2294 'Te-Christe,
492 2243 587 2274 morti
613 2242 748 2275 devoves
929 2247 1089 2283 Quaerens
1113 2246 1174 2287 leo,
1203 2257 1296 2288 quem
1323 2249 1463 2294 devoret,

245 2289 290 2322 Et
313 2289 522 2322 immolandus
547 2290 695 2331 traderis,
930 2295 1012 2331 Quos
1036 2293 1068 2325 in
1097 2294 1206 2326 dolore
1229 2298 1380 2338 parturis,

250 2337 360 2370 Noctis
386 2338 522 2378 quietem
548 2346 706 2372 consecra.
929 2340 1098 2382 Nunquam
1122 2342 1268 2383 relinque
1292 2344 1383 2378 filios.
