1653 2637
677 107 937 144 -202--

149 208 184 241 7.
209 207 285 239 Vita
307 207 388 240 vivit
410 205 549 239 feliciter
834 208 866 240 8.
890 206 960 238 Deo
984 207 1070 246 patri
1094 206 1137 238 sit
1162 204 1264 247 gloria

208 255 283 288 Cum
309 255 377 288 filia
401 254 601 293 christifera,
889 254 1033 294 Ejusque
1057 255 1118 286 soli
1141 252 1208 286 filio

207 302 283 335 Cum
310 313 372 344 qua
397 303 544 343 degustat
570 302 707 335 dulciter
893 303 970 335 Cum
999 302 1116 341 spiritu
1140 301 1299 341 paraclito

206 352 347 383 Aeterna
374 352 459 383 vitae
483 351 612 391 gaudia.
890 350 929 382 In
955 350 1149 388 sempiterna
1172 350 1308 381 saecula.

224 425 304 453 Offic.
325 424 376 454 SS.
396 426 512 458 Annae,
537 424 687 458 Joaeffim,
715 424 842 460 Joseph,
868 425 937 461 imp.
959 433 982 452 s.
1003 424 1022 452 1.
1046 428 1074 452 et
1094 433 1120 451 a.
1141 439 1178 444 —
1198 421 1224 457 2,
1253 423 1268 452 1
1290 432 1358 459 ergo
1379 423 1459 457 fehlt,

147 465 268 501 ergiinzt
292 463 366 492 nach
387 463 495 491 Daniel
515 463 572 495 IV,
601 460 656 490 280
674 470 727 490 aus
748 463 813 490 (lem
833 462 1142 498 Augustinushymnus
1163 463 1298 499 gleichen
1319 462 1459 496 Anfangs,

146 511 205 530 von
230 502 295 530 dem
329 501 385 529 Str.
421 500 457 528 1-
469 500 493 527 -5
518 502 569 528 fles
593 500 802 537 vorliegenden
826 502 890 528 eine
917 502 1116 536 Bearbeitung
1139 502 1188 529 ist..
1236 501 1299 528 Das
1326 500 1460 535 Original

147 540 217 568 lies-t
235 539 262 574 2,
285 539 299 567 1
316 548 359 574 sq.
380 540 460 567 Hinc
478 547 558 576 crgo,
578 540 659 567 Hinc
676 539 827 567 lectiones.
847 553 882 558 ——
904 538 932 574 4,
951 537 973 566 4
992 540 1061 567 Lies
1081 540 1211 567 salutat?
1231 555 1269 559 —
1288 540 1315 572 (3,
1337 537 1355 567 :5
1375 538 1460 565 Lies:

147 578 187 606 Ei
206 578 334 613 jubilet?

495 689 563 721 344.
591 689 626 721 In
650 689 852 730 conceptione
871 697 894 721 s.
915 688 1064 721 Johannis
1085 690 1119 720 B.

151 761 182 793 1.
207 759 368 800 Hymnum
393 768 508 791 novum
535 759 734 792 concinamus
833 762 864 792 5.
892 760 950 798 Qui
978 759 1128 792 diffidens
1153 759 1297 792 veritatis

253 809 317 840 Per
342 808 480 839 mentale
505 808 655 847 gaudium
939 807 1070 848 Signum
1092 808 1197 847 poscit
1220 807 1380 848 precibu5‚

206 854 252 887 Et
276 855 429 887 Johannis
454 856 630 886 recolamus
890 854 935 886 Et
963 856 1086 894 accepit
1111 855 1286 894 mutitaffisg

258 902 449 941 Conceptum
475 901 650 944 mirificum⁷
940 902 1015 935 Rite
1040 902 1134 934 factis
1160 902 1304 934 omnibus

211 950 308 989 Quem
333 952 369 981 ut
394 953 480 981 recte
506 958 737 989 cognoscamus,
890 949 985 981 Foris
1011 950 1086 991 exit,
1113 950 1254 990 fatigatis

259 997 362 1028 Docet
388 997 596 1038 evangelium.
939 997 1049 1030 Innuit
1070 1006 1141 1029 cum
1164 997 1322 1029 manibuS.

155 1055 185 1086 2.
211 1053 383 1086 Zacharias
409 1061 447 1085 ex
470 1053 556 1085 Abia
835 1055 865 1087 6.
893 1053 988 1085 Plebs
1014 1057 1202 1094 exspectans
1226 1053 1395 1093 intellexit,

258 1101 418 1132 Traxerat
441 1100 603 1143 originem,
941 1101 1031 1139 Quod
1053 1104 1177 1133 secreta
1199 1101 1328 1141 viderit,

210 1147 275 1180 Hic
300 1148 449 1180 sacerdos
475 1151 545 1179 erat
569 1149 652 1189 quia,
893 1149 971 1180 Post
996 1148 1039 1180 acl
1065 1149 1191 1181 domum
1218 1149 1291 1180 <lum
1308 1148 1461 1188 perrexit,

257 1195 406 1227 Sanctam
433 1195 523 1227 duxit
548 1196 711 1235 conjugem
940 1196 1031 1229 Tunc
1056 1196 1149 1228 effeta
1174 1196 1323 1236 concipit,

208 1242 259 1275 Ex
284 1244 393 1274 Aaron
423 1243 525 1283 stirpe
551 1243 613 1285 dia,
894 1243 981 1282 Quae
1004 1243 1076 1283 plus
1102 1243 1170 1275 Deo
1195 1252 1250 1276 cor
1274 1244 1427 1284 porrexit,

258 1291 356 1330 Quam
379 1289 521 1322 habebat
544 1290 695 1325 sterilem,
943 1290 1093 1323 Gaudens
1118 1294 1225 1331 grates
1249 1291 1404 1325 reddidit.

153 1349 186 1380 3.
212 1347 276 1379 Hic
303 1355 372 1378 cum
395 1355 509 1387 magno
533 1346 616 1379 festo
644 1348 695 1379 die
836 1350 867 1382 7.
894 1347 994 1386 Quam
1019 1351 1202 1380 semestrem
1227 1349 1374 1382 visitavit

260 1394 402 1426 Functus
427 1395 606 1426 sacerdotio
941 1396 1039 1436 Virgo
1063 1396 1132 1428 Deo
1154 1396 1298 1437 gravida,

211 1441 379 1480 Templum
403 1442 568 1473 introisset
590 1443 654 1482 pie,
894 1443 985 1475 Tunc
1008 1442 1169 1476 Johannes
1197 1445 1369 1477 exsultavit

256 1489 360 1520 Deum
389 1489 545 1521 sacrificio
941 1490 1059 1522 Matris
1080 1491 1166 1522 inter
1189 1492 1322 1528 viscera,

213 1536 257 1569 Ut
280 1536 426 1576 placaret
449 1539 482 1567 et
504 1536 648 1568 Judaeae
895 1537 1004 1575 (Qualis
1029 1538 1100 1577 erit,
1125 1539 1293 1580 reseravit,

256 1583 368 1615 Fieret
390 1583 551 1623 remissi03
942 1586 1082 1624 Quantus
1106 1589 1210 1626 natus,
1236 1586 1349 1626 gratia.

153 1643 186 1676 4.
211 1640 300 1673 Tunc
328 1641 448 1672 incensi
475 1640 562 1673 videt
587 1641 666 1672 hora
836 1644 866 1676 8.
893 1641 978 1674 Laus
1004 1645 1035 1674 et
1059 1642 1160 1674 honor
1183 1643 1321 1674 trinitati

260 1689 353 1721 Stare
378 1690 512 1720 stantem
539 1688 701 1727 angelum:
942 1689 1078 1722 Sanctae
1102 1690 1145 1721 sit
1169 1692 1202 1720 et
1222 1690 1333 1730 gloria,

212 1735 385 1768 Exaudiris
414 1735 483 1767 sine
508 1744 607 1775 mora,
895 1737 981 1776 Quae
1003 1746 1063 1769 nos
1086 1737 1215 1769 salvans
1239 1737 1273 1769 in
1297 1737 1385 1769 beati

260 1783 318 1822 Qui
343 1783 463 1815 solatur
486 1783 665 1823 tremulum,
941 1785 1096 1818 Johannis
1119 1785 1281 1824 memoria,

213 1831 303 1865 Uxor
327 1834 391 1870 tua,
418 1839 480 1862 non
504 1831 625 1871 ignora,
895 1832 995 1864 Nobis
1022 1832 1085 1871 det,
1114 1835 1151 1863 ut
1174 1832 1234 1864 sibi
1261 1833 1344 1872 grati

260 1878 334 1910 Tibi
358 1879 462 1919 gignet
488 1877 598 1912 filium.
940 1880 1111 1912 Laetamur
1134 1880 1167 1912 in
1193 1881 1310 1919 patria.

228 1954 337 1988 Hymn.
357 1962 410 1981 ms.
432 1953 601 1989 Campensis
622 1956 692 1982 anni
712 1953 794 1983 1462.
834 1955 902 1984 Cod.
923 1955 1139 1983 Darmstadien.
1161 1953 1224 1983 521.
1247 1969 1284 1974 —
1303 1954 1339 1989 4,
1368 1954 1386 1983 5
1405 1966 1465 1985 non

153 1993 264 2026 ignara.
286 2007 325 2012 -—
344 1990 370 2026 8,
392 1990 410 2019 5
429 1992 523 2020 Nobis
543 1993 670 2028 ergfinzt.

501 2112 568 2144 345.
602 2113 635 2144 In
656 2113 870 2145 Decollatione
889 2123 914 2145 s.
934 2113 1086 2145 Johannis
1107 2113 1138 2144 B.

716 2181 764 2210 Ad
783 2181 939 2219 Vesper-as.

155 2251 186 2284 1.
213 2249 351 2290 Spiritus
376 2249 476 2280 sancti
503 2258 653 2289 organum
839 2251 870 2283 2.
897 2249 1041 2282 Dilectus
1068 2259 1142 2291 ergo
1167 2251 1297 2286 Domini

213 2297 373 2330 Johannes
399 2300 448 2328 est
473 2296 699 2338 dulcissimum,
896 2297 958 2330 Est
981 2299 1135 2338 templum
1159 2300 1261 2332 sancti
1287 2302 1431 2346 spiritus,

213 2346 280 2385 Quo
309 2345 370 2376 soli
394 2344 463 2376 'Deo
489 2344 597 2377 vivere
897 2344 971 2377 Non
996 2346 1101 2378 laesus
1124 2347 1192 2379 ullo
1216 2349 1306 2390 vitio,

211 2393 311 2426 Novit
333 2392 433 2433 ipsius
459 2392 578 2426 vivere.
898 2393 963 2426 Sed
987 2402 1063 2426 vere
1087 2394 1170 2427 liber
1193 2396 1226 2428 in
1253 2397 1390 2433 Christo.
