1653 2637
186 207 218 241 3.
246 205 350 239 Adest
375 206 445 240 dies
469 208 620 251 celebris,

245 254 349 287 Valde
374 255 577 295 venerabilis,

245 303 283 335 In
309 311 370 342 quo
395 312 453 335 nos
478 302 617 335 officium

247 349 450 383 Celebramus
475 351 655 391 mysticum.

211 432 219 440 .
245 407 301 439 Bis
326 416 400 438 nam
425 416 502 440 sena
526 407 636 440 sidera

244 456 352 494 Atque
375 455 471 487 lunae
497 464 616 488 cornua

247 502 301 534 Sol
326 502 503 542 perlustrat
525 503 665 543 propriis

245 550 421 582 Annuatim
446 551 558 584 radiis,

188 608 219 640 5.
247 607 367 640 Christi
392 607 547 647 splendor
572 606 722 650 fulgidus,

249 654 370 687 Chorus
395 656 600 694 apostolicus,

247 701 344 740 Cujus
370 702 450 733 lueis
475 703 579 742 gratia

245 749 399 781 Coruscat
424 750 570 782 ecclesia.

724 109 960 146 -87—

872 209 904 241 6.

874 608 905 642 8.

930 207 976 240 Hi
999 211 1075 240 sunt
1097 211 1206 240 terrae
1227 208 1400 249 principes,

932 256 1041 288 Omnis
1065 256 1176 288 mundi
1198 256 1334 299 J'udioes,

931 303 1070 342 Quorum
1094 312 1172 337 voce
1193 302 1271 335 fidei

932 351 1026 384 Orbis
1051 352 1114 383 iter
1136 351 1269 386 obtinet,

897 432 904 439 .
930 408 1087 440 Pietatem
1111 407 1241 439 Domini

931 455 1148 495 Deprecemur
1172 455 1286 496 seduli,

932 503 979 536 Ut
1001 512 1060 543 per
1084 503 1293 544 apostolicam

933 550 1000 583 Nos
1028 553 1193 583 conservet
1217 551 1363 591 gratiam.

931 607 1015 647 Tibi,
1043 608 1177 650 Christe,
1205 608 1317 649 gloria,

932 654 1052 696 Honor,
1079 655 1269 696 benedictio,

931 701 1113 734 Gratiarum
1139 703 1221 734 actio

931 750 993 781 Per
1016 749 1142 782 infinita
1164 750 1302 784 saecula.

261 814 370 848 Hymn.
391 822 444 842 ms.
465 814 694 843 Fredelariensis
714 822 790 843 saec.
812 811 856 843 11.
897 814 967 842 Cod.
990 814 1142 843 Casselian
1160 815 1262 843 Theol.
1283 816 1326 843 IV
1347 814 1392 843 25-

680 925 742 958 130.
772 927 816 958 De
836 925 1003 966 Apostolis.

454 998 484 1030 1.
509 997 601 1029 Bella
626 997 679 1037 qui
706 998 810 1029 carnis
835 1005 917 1030 nova
940 997 1130 1037 protulistis,

510 1044 607 1084 Regis
633 1045 756 1076 aeterni
781 1045 913 1077 stabiles
939 1045 1042 1084 amici,

513 1092 599 1131 Quae
625 1091 735 1124 damus
759 1092 850 1124 vobis
875 1091 1011 1123 Domino
1037 1090 1182 1133 ferenda,

651 1139 772 1171 Sumite
796 1142 880 1172 vota.

455 1198 486 1230 2.
513 1197 576 1229 Vos
604 1197 706 1228 crucis
734 1196 854 1230 Christ-i
879 1196 999 1236 probra
1023 1198 1123 1230 multa
1146 1197 1243 1237 passi,

510 1244 628 1276 Munus
653 1247 820 1284 acceptum
845 1244 1009 1276 moriendo
1036 1243 1124 1286 facti,

512 1291 672 1332 Quidquid
698 1292 731 1323 in
757 1292 848 1324 nobis
875 1292 961 1332 viget
984 1293 1192 1334 impudicum,

650 1339 724 1371 Mor

727 1338 856 1373 tificate.

453 1398 484 1431 3.
511 1396 570 1436 Qui
595 1396 696 1427 minas
722 1405 840 1436 regum,
868 1395 989 1428 rabiem
1015 1395 1165 1438 ferarum,

511 1444 629 1483 Flagra
652 1444 774 1475 vicistis
799 1443 876 1476 fidei
900 1443 1080 1484 triumphis,

513 1491 579 1524 Nos
605 1491 638 1523 in
664 1494 827 1523 aeternum
852 1491 1002 1531 precibus
1024 1492 1135 1531 juvate

650 1540 788 1572 Vincere
812 1539 975 1572 mundum.

512 1596 623 1630 Hostis
649 1597 772 1637 antiqui
795 1597 917 1638 laqueis
942 1597 1062 1629 solutos

509 1647 617 1685 Atque
642 1645 807 1684 culparum
831 1645 964 1676 maculis
989 1645 1103 1684 piatos,

511 1693 657 1725 Mortuos
682 1693 810 1736 mundo,
839 1692 915 1724 date
939 1702 996 1724 nos
1023 1692 1132 1724 beatos

652 1741 768 1772 Vivere
794 1740 932 1773 Christo.

456 1799 484 1831 5.
515 1798 664 1830 Praestet
685 1798 746 1829 hoo
767 1798 859 1830 nobis
888 1797 990 1828 deitas
1009 1797 1103 1829 beata

516 1845 621 1878 Patris
646 1853 684 1876 ao
708 1846 777 1876 nati
799 1845 983 1885 pariterque
1008 1845 1111 1876 sancti

513 1892 664 1934 Spiritus,
693 1893 781 1932 cujus
809 1896 937 1925 resonat
961 1901 1020 1932 per
1044 1900 1168 1924 omnem

654 1940 765 1973 Gloria
789 1941 951 1974 mundum.

264 2010 350 2038 Brev.
378 2016 432 2035 ms.
460 2008 588 2036 Palatin.
617 2006 743 2034 Vindob.
772 2005 844 2035 1826
871 2014 945 2034 saec.
974 2003 1017 2033 12.
1038 2006 1072 2033 A.
1093 2022 1131 2027 -
1150 2005 1236 2033 Brev.
1262 2015 1316 2034 ms.
1338 2005 1505 2042 Superioris

187 2049 273 2077 Altae
299 2055 375 2075 saec.
399 2045 442 2074 12.
470 2047 542 2075 Clm.
563 2042 719 2073 Monacen.

186 2087 352 2123 Doxologie
371 2095 428 2113 nur
443 2086 599 2120 begonnen
618 2083 678 2111 AB.

739 2043 822 2074 9633.
845 2045 876 2073 Β.

975 2045 1027 2081 „In
1046 2045 1119 2073 festo
1141 2044 1245 2072 Sancti
1264 2043 1388 2073 Jacobi“
1411 2045 1445 2071 A.
1467 2061 1506 2065 -—

641 2186 696 2219 131.
726 2187 760 2219 In
781 2188 873 2220 unius
893 2186 1046 2228 Apostoli.

191 2261 220 2294 1.
246 2261 309 2301 En,
337 2259 430 2291 adest
455 2258 572 2292 festum
598 2259 731 2299 gratiae,

247 2308 379 2341 'rollens
402 2308 520 2340 malum
545 2307 735 2348 moestitiae,

248 2357 314 2397 Quo
338 2355 387 2388 vir
411 2356 465 2388 hic
489 2355 684 2397 apostolicus

250 2402 438 2437 Praefectus
464 2407 497 2436 et
522 2404 698 2437 catholicus

878 2261 909 2292 2.

935 2258 1079 2299 Reliquit
1105 2259 1219 2290 cuncta
1243 2260 1359 2298 terrea,

939 2306 1068 2340 Caduca
1093 2310 1125 2338 et
1148 2305 1363 2348 phantastica,

936 2355 1094 2387 Ascendit
1118 2362 1215 2393 super
1240 2353 1349 2386 sidera

938 2403 991 2435 Ad
1015 2403 1133 2444 gaudia
1157 2402 1319 2435 eoelestia.
