1653 2637
704 148 964 184 —290—

627 278 686 309 517.
719 278 760 308 De
781 276 889 308 sancto
911 275 1038 316 vigilio,

371 366 401 399 1.
431 366 554 399 Gaudio
580 374 699 397 summo
725 364 889 395 celebrare
913 363 997 395 festa

427 413 547 445 Tribue
570 412 674 451 nobis,
700 414 822 450 martyr
847 419 865 441 ο
890 411 992 452 beate,

428 462 495 499 Qua
521 463 554 490 tu
580 458 713 490 sacrasti
739 457 852 488 merito
878 457 1017 497 sublimi,

475 506 591 538 Sancte
616 504 723 544 vigili.

368 592 399 622 2.
424 591 480 629 Te,
506 592 608 630 pater,
635 592 724 621 terra
749 587 852 620 edidit
875 589 1030 631 Romana,

429 637 526 676 Cujus
551 637 719 676 praeclara
741 636 805 674 jam
834 633 998 675 fulgebant
1023 638 1105 674 acta,

429 685 512 716 Dum
538 683 671 722 puerilis
699 682 868 714 hauriebat
892 685 980 715 aetas

476 730 616 762 Teneros
641 739 749 761 annos.

370 817 401 848 3.
425 816 544 848 Literis
570 815 670 846 sacris
696 815 819 847 animus
847 814 962 847 divinis

426 863 599 895 Inhaerens
623 870 758 904 semper,
787 862 875 894 exsul
901 862 1097 894 adventabas

433 910 553 943 Urbem
580 910 753 949 antiquam,
779 909 894 941 studiis
918 910 1127 949 praeclaram,

475 958 713 990 Atheniensem.

370 1045 401 1076 4.
428 1043 509 1075 Inde
534 1042 575 1073 ad
602 1044 720 1073 terram
746 1041 874 1073 rediens
899 1045 1065 1081 paternam

430 1090 574 1123 Ornabas
600 1091 712 1120 sancta
739 1088 909 1128 disciplina
935 1089 1031 1120 vitam

432 1138 529 1176 Quam
555 1137 589 1168 in
613 1137 783 1168 multorum
811 1136 966 1175 spiritalis
993 1137 1077 1167 vitae

479 1184 660 1224 Spargebas
685 1192 772 1216 usus,

373 1272 404 1303 5.
430 1270 526 1310 Cujus
553 1270 699 1302 doctrina
721 1269 859 1309 primum
886 1268 948 1301 fuit
970 1270 1074 1309 docta,

430 1317 550 1350 Meruit
579 1318 672 1349 talem
701 1316 819 1348 habere
844 1320 1015 1356 pastorem,

432 1366 494 1397 Per
519 1374 611 1404 quem
637 1365 809 1396 multorum
834 1364 925 1405 signa
951 1365 1155 1396 declarantur

477 1412 716 1444 Miraculorum.

373 1500 404 1531 6.
428 1499 540 1531 Surdis
566 1498 719 1538 auditum,
747 1497 849 1529 caecis
874 1499 1019 1537 praestat
1043 1498 1154 1540 visum,

432 1546 563 1578 Debiles
589 1550 680 1578 sanat
705 1545 936 1585 daemonesque
960 1544 1050 1585 fugat

432 1594 477 1626 Et
505 1595 708 1634 peccatorum
734 1592 856 1624 veniam
882 1595 1028 1633 petentes

479 1641 583 1673 Audit
606 1641 768 1680 benignus,

374 1727 403 1760 7.
429 1726 526 1759 Hunc
550 1726 641 1766 plebs
666 1726 746 1757 haec
771 1727 885 1758 cuncta
910 1735 987 1758 voce
1011 1726 1145 1757 laudans
1172 1725 1246 1766 alta,

433 1774 575 1814 Supplex
600 1775 751 1813 precetur
779 1773 905 1805 veniam
936 1773 1072 1813 delictis,

433 1823 480 1856 Ut
503 1822 607 1861 prosit
631 1821 722 1853 nobis
749 1821 815 1860 ejus
838 1820 1037 1854 interventus

480 1869 575 1901 Nunc
604 1871 635 1900 et
658 1869 690 1900 in
717 1877 838 1901 aevum.

375 1957 406 1988 8.
434 1955 579 1987 Praestet
605 1954 666 1985 hoc
689 1953 781 1984 nobis
809 1952 937 1985 deitatis
964 1955 1085 1992 auctor,

434 2002 531 2033 Pater
556 2003 713 2039 aeternus,
739 2000 843 2031 trinus
868 2003 964 2040 atque
987 2009 1079 2039 unus,

434 2049 582 2089 Regnans
607 2047 726 2086 ubique
749 2049 834 2077 totus
859 2048 929 2078 sine
951 2046 1015 2078 fine

482 2095 655 2134 Perpetim.
703 2095 817 2125 Amen,

262 2196 331 2225 Cod.
359 2196 554 2232 Oenipontan.
580 2195 628 2229 (01.
656 2196 755 2223 Carth.
782 2197 813 2222 in
839 2195 937 2231 Snals)
962 2194 1017 2223 591
1043 2203 1117 2222 saec.
1142 2192 1185 2221 15.
1211 2194 1248 2220 A.
1276 2209 1312 2213 —-
1332 2197 1415 2225 Miss,
1443 2207 1496 2227 ms,

184 2237 254 2264 anni
277 2232 359 2262 1471.
392 2234 462 2263 Cod.
483 2235 619 2262 Rossian.
641 2243 663 2261 s.
684 2242 712 2260 n.
734 2234 766 2261 B.
787 2247 824 2251 —
847 2231 871 2267 1,
895 2232 910 2260 1
926 2233 1039 2261 Gaudio
1059 2240 1165 2268 magno
1189 2232 1221 2259 B.
1242 2247 1280 2251 —
1303 2231 1327 2269 1,
1348 2233 1366 2261 2
1386 2239 1498 2267 martyr

182 2277 216 2303 ut
240 2275 327 2301 beate
346 2273 379 2299 B.
407 2287 443 2291 —-
468 2271 499 2304 2,
527 2271 542 2299 1
569 2273 636 2299 Hoc
659 2273 742 2307 pater
762 2272 793 2298 B.
821 2286 861 2290 —-
888 2270 919 2304 2,
943 2269 960 2298 3
981 2271 1058 2298 Dum
1085 2270 1159 2297 fehlt
1178 2270 1214 2304 B,
1241 2273 1390 2301 annuebat
1416 2266 1497 2303 aet‘as

185 2315 216 2341 B.
243 2326 278 2331 —-
305 2308 337 2344 2,
364 2308 384 2337 4
402 2310 523 2338 Teneris
551 2311 635 2337 annis
656 2309 688 2336 Bt
712 2324 751 2328 —
769 2307 800 2341 4,
828 2306 846 2335 2
867 2309 1021 2337 ornabans
1042 2310 1174 2335 sanctam
1198 2308 1384 2344 disciplinam
1404 2314 1497 2342 vitam

185 2352 216 2379 Β,
237 2365 274 2370 —
294 2347 326 2382 4,
347 2346 364 2376 3
385 2349 416 2375 in
437 2348 536 2375 multis
558 2349 590 2373 Β.
612 2361 647 2366 —
668 2345 696 2381 4,
715 2345 735 2374 4
755 2346 917 2383 Spergebas
938 2347 962 2376 B
990 2361 1030 2366 —
1049 2343 1075 2377 6,
1095 2343 1110 2372 1
1132 2348 1262 2381 praestet
1281 2348 1314 2381 A,
1335 2354 1499 2386 praestavit

184 2390 216 2417 Β.
248 2402 283 2407 —
303 2384 337 2420 8,
366 2384 380 2413 1
403 2385 496 2414 deitas
517 2388 547 2413 et
565 2388 666 2413 auctor
685 2385 718 2412 B.
739 2400 778 2404 —
797 2382 828 2418 8,
852 2382 869 2410 2
889 2386 983 2411 trinus
1004 2383 1077 2410 fehlt
1096 2385 1128 2411 Β.
1146 2398 1183 2402 -
1203 2381 1235 2420 8,
1261 2383 1279 2413 3
1302 2388 1412 2425 ubique
1433 2392 1497 2420 sine

183 2426 241 2455 fine
260 2426 340 2453 Deus
362 2424 395 2452 A.
416 2439 453 2443 -
473 2422 500 2458 8,
520 2422 540 2451 4
557 2423 643 2451 Nunc
663 2425 693 2450 et
711 2423 743 2449 in
763 2431 867 2450 aevum
887 2422 926 2458 A3
945 2421 1005 2458 vgl.
1026 2420 1051 2455 7,
1072 2419 1099 2448 4.
