1653 2637
722 155 983 190 —211—

435 252 466 284 2.
494 251 552 290 Qui
577 261 708 285 manens
729 254 843 293 Justus,
869 253 1015 293 placidus
1040 252 1196 293 supernis,

492 299 591 339 Regis
617 302 738 333 aeterni
763 299 823 333 fuit
850 301 952 333 almae
975 301 1086 333 matris

493 345 634 386 Sponsus
660 351 691 380 et
718 350 822 381 custos
846 348 980 388 Mariae,
1006 358 1065 389 pro
1090 348 1182 380 nobis

540 394 662 427 Cuncta
686 396 835 437 regentis.

431 451 463 483 3.
490 451 542 482 Ad
568 460 693 484 sacrum
718 461 855 493 sponsae
881 453 1053 485 thalamum
1079 452 1202 485 Mariae

492 498 588 539 Virgo
613 499 790 539 permansit
816 500 969 532 decorans
996 501 1100 532 cubile

491 547 598 586 Atque
623 556 682 587 per
706 550 813 579 votum
845 548 1008 581 decoravit
1034 549 1139 580 aulam

541 593 751 634 Virginitatis.

431 651 463 683 4.
492 650 586 682 Unde
610 651 798 683 Bethlehem
824 651 970 691 pariente
995 661 1112 691 sponsa

492 697 590 736 Vidit,
617 699 746 738 agnovit
768 698 938 731 Dominum
960 700 1129 740 jacentem,

491 744 589 783 Quem
613 746 762 778 adoravit
786 746 944 777 hominem
970 746 1134 787 Deumque

539 791 660 824 Cuncta
682 794 851 827 levantem.

432 850 464 881 5.
491 848 540 880 Sit
565 849 651 880 salus
677 849 815 888 Christo,
844 849 939 880 decus
966 852 995 881 et
1023 852 1175 890 potestas,

492 896 599 928 Patris
624 898 747 928 aeterni
773 897 879 936 genito
907 898 1052 936 perenni,

494 944 553 982 Qui
578 953 636 984 pro
662 944 792 976 humani
818 944 942 985 generis
967 945 1070 976 salute

538 991 600 1023 Est
620 992 713 1024 homo
739 991 853 1024 factus.

263 1056 383 1093 Antiph.
403 1064 457 1084 ms.
477 1056 623 1092 Plagense
643 1066 665 1084 s.
686 1066 714 1084 n.
736 1065 811 1084 saec.
835 1054 878 1084 16.
899 1071 934 1075 —
956 1057 1029 1084 Mel:
1051 1058 1111 1085 Iste
1131 1056 1287 1085 confessor.

645 1167 712 1199 364.
741 1168 786 1199 De
805 1168 911 1199 saneto
933 1167 1055 1209 Josepll.

718 1236 766 1266 Ad
785 1235 974 1265 Matutinum.

189 1307 220 1340 1.
249 1306 330 1338 Veni
355 1306 486 1345 Joseph‚
513 1307 607 1345 pater
631 1309 769 1346 patrum.
877 1307 908 1338 2.
936 1306 1008 1338 Non
1035 1315 1073 1338 ex
1100 1305 1187 1338 virili
1211 1306 1331 1337 semine

247 1354 389 1387 Ostende
413 1356 540 1394 partum
565 1353 709 1393 virginis,
934 1354 1014 1394 Tuo,
1040 1355 1097 1385 sed
1123 1362 1241 1392 sponsa
1266 1354 1389 1393 virgine

246 1401 364 1433 Natum
389 1401 475 1442 patri
502 1404 713 1443 coaeternum,
936 1401 1076 1433 Verbum
1102 1400 1161 1433 Dei
1190 1399 1309 1432 factum
1336 1409 1408 1433 earo

246 1449 418 1489 Speculum
446 1449 633 1481 divinitatis.
934 1449 1030 1480 Venit
1056 1449 1095 1480 de
1119 1448 1259 1480 thalamo
1286 1451 1350 1480 tuo.

551 1507 581 1539 3.
611 1505 736 1538 Christo
761 1508 836 1537 nato
862 1505 904 1536 sit
928 1505 1031 1545 gloria

611 1553 673 1585 Dei
698 1552 800 1593 patris
826 1555 858 1583 et
883 1553 1010 1592 virgime

610 1600 674 1633 Sub
701 1604 794 1640 patre
818 1600 939 1640 :Ioseph
963 1610 995 1631 in
1019 1604 1105 1631 terra

609 1649 661 1681 De
688 1649 769 1681 dono
795 1648 927 1687 spiritus
952 1649 1065 1682 sancti.

260 1716 382 1752 Antiph.
403 1723 456 1743 ms.
476 1715 599 1750 Plagen.
620 1723 643 1741 s.
664 1724 692 1741 n.
713 1722 789 1742 saec.
812 1711 856 1741 16.

642 1825 708 1856 365.
741 1826 782 1856 De
803 1825 909 1855 sancto
931 1824 1054 1865 Josoph.

450 1899 481 1931 1.
508 1899 575 1931 Iste
600 1897 739 1929 nutritor
763 1895 892 1929 Domini
917 1899 1071 1934 sacratus,

511 1946 609 1978 Festa
633 1945 724 1985 plebs
750 1944 838 1983 eujus
866 1944 1005 1975 celebrat
1031 1952 1090 1983 per
1116 1943 1234 1978 orbem,

509 1994 615 2026 Hodie
639 1994 743 2025 laetus
768 1992 884 2024 meruit
908 1994 1031 2024 secreta

557 2041 720 2075 Scandere
744 2040 834 2074 coeli.

448 2103 480 2135 2.
506 2101 566 2140 Qui
590 2100 672 2141 pius,
698 2098 853 2140 prudenS,
880 2097 1018 2138 humilis,
1046 2096 1191 2139 pudicus,

507 2148 649 2188 Sobrius,
676 2150 781 2180 castus
807 2144 869 2177 fuit
894 2149 927 2177 et
950 2146 1085 2188 quietus,

508 2197 584 2230 Vita
610 2197 684 2229 dum
708 2203 863 2236 praesens
889 2194 1049 2235 vegetavit
1075 2194 1141 2233 ejus

555 2245 707 2285 Corporis
733 2245 831 2276 artus.

449 2305 481 2337 3.
508 2303 652 2343 Angelus
678 2301 739 2334 Dei
765 2308 902 2340 aparens
927 2298 960 2330 in
986 2300 1104 2332 somnis

505 2350 625 2390 Joseph
653 2352 684 2381 et
711 2349 838 2382 dicens:
865 2347 956 2387 Fuge
979 2347 1013 2378 in
1038 2348 1220 2388 Aegyptum

505 2399 708 2438 Matremque
733 2396 848 2428 tollens
874 2404 937 2426 una
964 2403 1034 2427 eum
1058 2395 1135 2435 filio,

554 2446 640 2478 Dum
669 2446 773 2477 dicam
799 2442 869 2475 tibi.

1274 2494 1332 2524 14⁹
