1653 2637
148 1217 179 1250 1.

158 2047 176 2076 U(

674 142 720 151 ...
769 119 934 159 298-

177 252 184 258 .
210 226 260 257 Ac
283 223 444 265 lympham
471 232 571 264 aquae
593 221 739 262 poscenti

209 275 314 312 Atque
339 272 423 304 sacri
450 272 532 303 dona
557 270 647 303 verbi

253 319 302 351 Tu
330 319 468 352 tribuisti
493 319 590 359 gregi,

210 369 320 400 Virtus
345 376 418 399 nam
442 366 503 398 tibi
527 365 641 398 sortita

208 416 238 447 A
265 414 390 447 Christo
415 422 534 446 summo
560 413 681 445 tradita

256 461 388 494 Sacrum
411 469 544 502 pascere
568 468 705 501 gregem.

207 529 252 561 Es
277 529 384 560 multis
411 529 544 560 donatus
572 527 672 565 donis,

212 574 421 608 Oonfirmatus
445 574 617 606 innumeris

256 622 316 654 His
343 626 375 654 et
398 621 607 660 mirabilibus,

211 670 316 711 Signis
342 671 446 701 clarus
473 672 504 701 et
526 668 700 708 trophaeis,

209 717 330 749 Multos
356 717 480 757 erigens
505 716 671 755 languidos

256 764 426 797 Innotuisti
452 763 553 803 vulgo.

832 223 864 254 5.

889 220 1050 254 coelestia.
1073 217 1229 259 praebens
1257 218 1340 251 dona

892 268 969 300 Tuis
994 266 1079 299 flexa
1104 266 1188 299 colla
1213 267 1306 298 dietis

938 315 987 346 Tu
1012 315 1147 347 subnixa
1172 314 1305 346 sacratis

892 364 1000 395 Aurea
1022 362 1117 394 melle
1142 361 1289 393 canistris

891 411 1090 449 componens
1118 409 1204 441 dicta
1228 409 1353 449 perlitis

940 458 1035 490 Claro
1059 456 1179 488 rorasti
1202 456 1319 488 nimbo.

857 549 865 557 .
892 524 951 563 Tu,
978 527 1097 562 sancte,
1124 532 1218 556 serva
1242 522 1389 561 famulos,

890 572 975 611 Quos
999 571 1060 604 tibi
1082 572 1148 610 jam
1177 570 1267 602 dedit
1291 571 1448 607 Christus,

940 618 1011 650 Jam
1036 627 1121 651 nunc
1145 627 1208 650 una
1232 626 1303 649 cum
1327 618 1432 657 magni

893 666 989 698 Patre
1013 665 1113 698 futuri
1138 666 1257 697 saeculi

892 713 1071 754 Sanctoque
1095 713 1186 745 simu]
1213 713 1331 753 spiritu

940 760 1068 793 Viventi
1092 770 1152 801 per
1175 760 1313 794 saecula.

228 848 296 876 Cod.
316 848 442 876 Parisin.
464 845 538 875 5610
558 848 591 874 A.
616 854 691 873 saec.
708 843 783 873 ¹⁰l11,
802 859 841 865 -
861 845 952 881 „Item
973 845 1050 872 alius
1070 845 1195 880 hymnus
1216 846 1248 871 in
1270 845 1365 872 natali
1387 845 1463 880 ejus-

154 886 218 913 dem
240 886 277 914 acl
296 886 471 913 matutinum
492 894 542 920 per
562 884 726 912 tochaieum
746 888 871 911 metrum
890 884 921 910 in
942 884 1028 910 tertio
1049 891 1138 910 versu
1160 882 1390 911 catalecticum.“

562 1040 629 1072 530.
666 1041 710 1072 De
729 1042 838 1071 sancto
860 1040 1062 1072 Winwaloeo.

668 1126 802 1165 Hymnus
821 1128 936 1158 tertius.

206 1214 302 1250 Alme
328 1216 497 1256 dignanter
524 1215 702 1255 supplicum

206 1263 359 1296 Precibus
385 1263 503 1295 munda
530 1263 691 1302 delictum,

205 1311 391 1352 Winwaloe‚
421 1311 602 1342 coelestium

210 1358 384 1391 Coenobita
410 1357 603 1390 sublimium.

209 1423 376 1464 Britigena
399 1424 568 1465 mirabilis,

207 1471 395 1503 Luminibus
421 1479 535 1511 expers
560 1471 646 1510 solie,

210 1519 347 1550 Nostrae
370 1517 485 1549 lucifer
509 1519 635 1556 patriae

213 1566 330 1597 Missus
353 1573 385 1596 es
412 1573 519 1604 regum
546 1567 679 1595 rectore.

178 1656 184 1662 .
213 1629 371 1664 Coelicola
397 1638 466 1661 eum
490 1630 627 1661 terrenis

213 1677 355 1709 Moribus
381 1677 489 1709 lucens
515 1677 653 1716 optimis,

213 1725 398 1764 Spernendo
427 1724 534 1756 mundi
561 1725 684 1756 lubrica

212 1773 352 1803 Aeterna
382 1772 470 1811 capis
494 1780 633 1803 munera.

180 1865 187 1871 .
215 1835 318 1870 Dictis
343 1838 497 1877 pascebas
522 1838 651 1869 mellitis

214 1885 311 1917 Horis
337 1885 438 1916 socios
465 1886 598 1916 diversis

215 1932 344 1964 Domini
367 1939 475 1964 serens
500 1933 629 1975 semina,

216 1979 282 2017 Quo
307 1979 363 2010 ille
386 1983 484 2011 metat
510 1980 666 2019 centupla.

182 2073 189 2079 .
214 2041 379 2077 Educatus
401 2045 607 2083 sanctissime,

216 2091 332 2123 Sancto
356 2092 469 2132 plenus
494 2093 676 2133 spiramine,

216 2138 295 2171 Cum
326 2139 491 2171 dieidisses
515 2139 635 2177 literas,

217 2185 352 2218 canonis
378 2186 465 2218 scisti
490 2187 674 2227 scripturas.

183 2277 191 2284 .
216 2249 309 2286 Felix
334 2252 452 2296 schola,
479 2261 559 2292 quae
581 2254 755 2293 praeclaris

217 2300 341 2331 Ditavit
364 2304 507 2332 sanctum
531 2300 651 2339 rivulis,

217 2348 287 2380 Nou
313 2348 508 2387 pedetentim
535 2348 711 2389 descendit,

219 2396 277 2428 Sat
301 2396 397 2427 corde
419 2396 476 2427 sed
501 2403 601 2435 prono
627 2395 718 2431 luxit.

847 1218 877 1248 7.

839 1840 890 1872 10.

839 2048 893 2081 11.

838 2257 894 2290 12.

906 1213 1071 1251 Gliscebat
1094 1219 1206 1257 peetus
1233 1218 1433 1257 perlustrans

905 1264 1090 1296 Intellectus
1118 1265 1204 1297 coelo
1227 1275 1369 1308 manans,

902 1311 1073 1344 Excedens
1099 1321 1209 1344 cursus
1234 1313 1354 1345 solares

904 1358 1039 1391 Divinos
1065 1360 1203 1401 augebat
1225 1370 1341 1395 mores,

870 1451 877 1457 .
904 1423 999 1460 Hunc
1022 1426 1108 1458 solus
1135 1426 1279 1459 Christus
1301 1427 1462 1467 perfulsit,

905 1473 999 1505 Talia
1023 1473 1077 1513 qui
1101 1474 1194 1506 nobis
1223 1475 1322 1507 dixit:

905 1520 978 1551 Non
1003 1520 1189 1559 magistrum
1213 1522 1247 1553 in
1272 1523 1397 1561 tellure,

905 1566 969 1598 Sed
994 1575 1120 1598 sursum
1143 1568 1233 1599 illum
1259 1571 1415 1609 quaerite.

871 1658 878 1664 .
906 1629 1118 1665 instaurando
1146 1644 1217 1666 erus
1239 1634 1371 1668 infantis

906 1680 1055 1712 Ostendit,
1078 1681 1203 1721 signum
1228 1684 1365 1728 virtutis,

907 1727 957 1759 Ne
981 1728 1039 1759 sub
1066 1729 1173 1762 modio
1196 1731 1354 1764 submissa

905 1774 1039 1806 Luceret
1064 1776 1122 1808 sed
1146 1786 1271 1810 sursum
1297 1781 1401 1814 taeda.

908 1838 1129 1882 Katervasque
1152 1844 1369 1884 languentium

905 1888 1069 1921 Visitabat
1093 1892 1125 1921 et
1149 1900 1336 1934 pauperum,

910 1935 987 1967 Cum
1011 1946 1073 1968 non
1100 1937 1233 1970 haberet
1256 1944 1426 1974 terrestres

909 1982 1019 2026 Gams,
1047 1985 1224 2024 praebebat
1249 1989 1412 2022 coelestes.

910 2046 1058 2082 Letiferis
1082 2053 1202 2084 morbis
1225 2058 1335 2095 captos

907 2096 970 2128 Hic
995 2099 1121 2130 sanavit
1144 2103 1208 2132 tum
1232 2103 1398 2143 plurimos,

909 2145 992 2182 Quos
1019 2146 1140 2179 calculo
1166 2151 1397 2189 comprendere

909 2191 1082 2231 Nequimus
1107 2203 1210 2235 neque
1234 2198 1385 2233 scribere.

907 2254 999 2291 Mare
1023 2268 1107 2299 pone
1131 2263 1317 2296 coenobium

909 2305 1034 2338 Primus
1060 2309 1208 2342 transivit
1231 2321 1290 2351 per
1314 2314 1434 2347 siccum

909 2354 1108 2393 Assequente
1131 2361 1225 2389 coetu
1248 2359 1387 2394 fratrum

911 2399 1037 2433 Christo
1060 2404 1128 2443 regi
1152 2407 1370 2445 psallentium.
