1653 2637
720 109 981 148 —219-

613 223 673 258 381.
704 225 748 257 De
773 227 883 258 saneta
903 225 1093 259 Katharina.

742 294 792 324 Ad
810 294 950 325 Tertiam.

188 361 218 393 1.
243 361 324 401 Ave,
354 371 429 394 rosa
453 362 645 403 Katharina,
879 367 910 399 3,
936 365 992 398 Sic
1015 367 1062 408 sol
1087 368 1165 399 luna
1186 367 1326 400 lucidior

247 408 367 441 Christi
392 418 510 450 sponsa
536 412 568 442 et
592 411 713 451 regina,
936 413 981 445 Et
1004 414 1079 445 luna
1104 415 1274 455 sideribus,

251 457 360 497 Virgo,
386 461 509 498 martyr
532 458 602 490 Deo
628 459 734 499 (ligna,
937 460 991 492 Sic
1015 462 1196 495 Katharina
1222 463 1346 503 dignior

244 504 368 544 Dulcis,
399 505 485 538 mitis
511 514 550 538 ao
573 506 721 546 benigna.
937 508 1089 541 Omnibus
1113 510 1300 550 virginibus,

189 563 220 594 2.
250 562 337 595 Costi
362 562 447 604 regis
472 562 550 602 filia,
877 566 910 599 4.
936 564 1025 597 Ebur
1061 566 1199 598 candens
1227 575 1297 598 eum
1320 566 1458 607 saphyro

248 611 406 649 sprevisti
433 611 545 643 mundi
569 611 697 652 gaudia,
935 612 1078 645 Radians
1102 615 1136 646 in
1160 615 1270 647 mundi
1296 623 1384 655 gyro,

248 658 335 690 Vera
359 659 516 690 imitatrix
542 657 662 691 Christi
937 659 990 692 Sic
1015 661 1105 702 virgo
1131 661 1210 695 felix
1233 662 1414 694 Katharina

245 706 284 738 In
311 707 462 745 passione
487 706 659 746 sanguinis.
935 707 1081 740 Vernaus
1104 709 1235 741 coelesti
1259 709 1370 749 gloria.

580 765 611 797 5.
639 763 663 795 O
690 772 764 795 rosa
787 764 942 804 paradisi,

636 811 730 843 More
754 809 893 851 flagrans
918 811 1062 853 balsami,

640 858 664 890 O
690 858 856 898 virginalis
883 859 1022 899 castitas,

638 905 704 938 Nos
730 905 871 938 transfer
895 907 936 938 ad
961 907 1120 940 coelestia.

262 979 351 1008 Grad.
372 988 424 1007 ms.
445 980 732 1008 Wonnensteinense
754 988 829 1007 saec.
846 979 890 1008 14.
913 982 954 1008 in.
991 981 1061 1008 Cod.
1083 981 1288 1009 Carolsruhan.
1309 982 1397 1009 Won.
1421 981 1446 1009 1.
1467 996 1504 1001 --

184 1016 211 1051 2,
234 1015 251 1045 2
272 1018 413 1045 mundum
434 1026 499 1046 eum
520 1018 637 1054 gaudio.

604 1130 671 1162 382.
704 1131 748 1162 De
768 1134 879 1162 saneta
899 1130 1089 1162 Katharina.

721 1199 769 1237 ᾼί]
789 1198 981 1229 Nocturnum.

186 1269 218 1301 1.
245 1268 384 1301 Plaudat
407 1268 542 1306 laetitia,
878 1270 910 1300 2.
936 1268 1033 1309 Regis
1058 1271 1092 1300 tu
1118 1267 1194 1310 filia,

243 1315 361 1355 Fugiat
385 1316 556 1355 moestitia,
935 1315 1063 1348 Patrem
1089 1325 1159 1347 cum
1183 1315 1249 1348 filio

241 1364 280 1396 In
305 1363 402 1395 laude
426 1363 571 1404 virginis,
935 1362 1037 1395 Nobis
1063 1363 1206 1403 concilia,

241 1410 332 1443 Sacri
358 1411 509 1451 germinis
936 1409 1076 1443 Cernens
1098 1411 1230 1442 humilia

239 1458 389 1490 Laudant
414 1458 535 1490 natalia
934 1457 986 1490 Da
1010 1462 1084 1498 post
1110 1458 1223 1490 exsilia

240 1506 389 1546 Quaeque
413 1504 538 1537 fatalia,
935 1505 1005 1538 Tua
1031 1507 1156 1539 cubilia.

584 1565 615 1596 3.
640 1563 739 1603 Virgo
766 1562 957 1603 Katherina,

643 1610 757 1643 Colens
781 1612 913 1643 nomina
936 1612 1031 1652 trina,

639 1659 769 1691 Patrem
796 1661 827 1689 et
850 1658 952 1690 filium

639 1706 684 1739 Et
713 1707 864 1746 spiritum
888 1711 1034 1740 sanetum

638 1753 740 1785 Nobis
765 1754 933 1793 impertire

641 1802 719 1834 Post,
743 1802 830 1834 vitae
855 1802 1030 1842 planctum.

252 1879 339 1906 Brev.
359 1886 413 1905 ms.
433 1877 646 1913 wingartense
664 1875 699 1912 (?)
719 1884 795 1905 saec.
818 1874 862 1904 14.
897 1876 966 1904 Cod.
982 1876 1185 1913 Stuttgartien.
1200 1876 1264 1904 ΗΒ.
1283 1875 1299 1905 Ι
1312 1877 1378 1904 Αεο,
1399 1875 1444 1904 76.
1460 1892 1497 1896 —-

176 1915 202 1950 1,
223 1915 243 1944 4
262 1917 332 1945 Lies
353 1917 472 1945 sacrati.
497 1932 535 1936 ——-
558 1914 585 1950 2,
606 1913 624 1942 2
645 1925 711 1944 eum
730 1914 801 1943 filia.

627 2036 693 2069 383.
726 2036 768 2069 De
788 2038 896 2069 sancto
917 2036 1049 2069 Ketillo.

728 2106 777 2136 Ad
797 2106 955 2145 Vesperas.

174 2180 205 2212 1.
233 2178 432 2211 Alternatim
458 2180 573 2210 sonent
596 2186 691 2210 voees
870 2179 902 2211 2.
929 2177 1028 2217 Cujus
1054 2180 1133 2209 nutu
1159 2180 1188 2209 et
1213 2177 1333 2209 virtute

286 2229 319 2257 et
345 2226 431 2258 dulci
459 2226 642 2268 concordia,
976 2225 1196 2267 gubernantur
1225 2226 1341 2268 omnia,

231 2273 379 2305 Laudum
404 2275 503 2306 melos
529 2274 597 2314 regi
623 2282 734 2313 regum
928 2275 1022 2307 Hune
1047 2275 1183 2306 electum
1209 2273 1271 2305 sibi
1296 2283 1423 2307 servum

283 2321 431 2352 concinat
455 2321 600 2360 ecclesia,
976 2324 1050 2353 ante
1075 2323 1187 2355 mundi
1212 2324 1359 2363 tempora

235 2367 294 2406 Qui
319 2368 478 2401 Ketillum
502 2369 676 2401 immortali
923 2369 1159 2411 Praecognovit
1181 2370 1371 2403 admiranda

283 2416 446 2448 coronavit
472 2417 586 2456 gloria.
974 2418 1201 2451 illustrandum
1224 2419 1339 2460 gratia.
