1653 2637
679 145 939 179 —111—

537 250 596 281 178.
627 252 671 283 De
691 260 715 283 s.
737 253 866 285 Albertc
890 254 1066 286 Carmelita.

707 319 755 348 Ad
774 319 903 349 Laudes.

151 378 182 410 1.
210 380 314 411 Adest
339 382 455 413 natalis
482 382 626 424 celebris,
834 388 865 419 4.
892 387 988 419 Hunc
1007 388 1107 420 hostis
1133 387 1234 421 fallax
1259 392 1413 433 stimulat,

205 425 283 458 Dies
309 427 370 459 viri
396 427 573 470 Seraphici,
889 434 974 465 Dum
1000 435 1234 474 contemplatur
1259 436 1395 479 fervide,

204 472 344 517 Alberti,
373 475 451 507 civis
478 476 598 517 coelici,
891 480 989 519 Quem
1016 482 1135 515 Christi
1160 491 1271 515 servus
1297 489 1433 524 superat

203 521 269 560 Quo
294 521 413 562 gaudet
436 522 470 554 in
497 524 696 559 coelestibus.
888 529 1129 561 Perseverando
1154 530 1276 562 sedule.

142 578 172 611 2.
204 577 262 616 Qui
288 581 396 617 spreto
422 580 533 612 mundi
559 582 694 615 culmine
829 587 859 617 5.
885 585 1038 617 Messana
1058 585 1175 626 gaudet
1203 587 1326 627 civitas,

201 624 237 656 In
263 625 354 657 annis
378 627 557 666 puerilibus
885 633 985 672 Quam
1012 633 1158 666 Christus
1183 635 1285 666 sancti
1311 636 1435 668 meritis

196 672 250 704 Ad
267 673 420 713 templum
432 678 577 707 sanctum
588 686 766 718 properans
884 679 1016 720 Eripuit
1040 681 1080 713 ab
1105 681 1251 714 hostibus

200 719 326 753 Servire
351 720 418 753 Deo
442 723 546 762 petiit.
885 727 999 761 Cibum
1025 729 1185 769 praebens
1211 728 1379 764 famelicis.

143 777 174 809 3.
201 777 240 809 In
265 779 335 809 arta
359 779 557 817 poenitentia
824 786 856 818 6.
883 785 978 818 Mons
1006 787 1170 827 gratulare
1194 787 1351 831 Drepani,

198 824 333 856 Carnem
360 827 495 868 castigat
520 830 648 869 acriter,
882 833 932 865 De
958 843 1019 874 quo
1045 835 1143 867 talem
1170 837 1378 877 propaginem

199 872 250 904 Ne
273 874 451 906 maculetur
474 877 612 916 turpiter
882 881 980 922 Deus,
1009 882 1140 914 deorum
1167 883 1322 926 dominus,

198 919 308 961 Imago
334 921 396 953 sibi
419 923 551 956 credita.
882 930 1040 961 Produxit
1065 930 1182 962 mundo
1208 929 1366 965 floridam.

518 981 549 1013 7.
577 981 627 1013 Sit
650 982 788 1014 trinitati
812 984 924 1024 gloria,

572 1028 664 1060 Patri
688 1029 782 1060 simul
808 1033 837 1062 et
863 1030 941 1072 filio,

574 1075 690 1108 Sancto
717 1085 841 1116 quoque
864 1079 1021 1117 paraclito

573 1121 637 1153 Per
660 1121 785 1155 infinita
810 1125 947 1159 saecula.

214 1196 300 1223 Brev.
323 1195 546 1224 Carmelitarum
565 1198 635 1233 imp.
658 1198 792 1226 Venetiis
815 1197 896 1227 1579.

595 1328 658 1361 179.
686 1329 729 1361 De
750 1331 857 1362 sancto
878 1331 1000 1363 Alexio.

136 1400 166 1431 1.
193 1398 373 1430 Romanum
399 1397 502 1439 fulget
526 1401 701 1441 speculum,
827 1404 858 1435 5.
884 1402 1016 1435 Fastum
1042 1403 1237 1435 mundanum
1262 1401 1386 1442 fugiens

194 1446 341 1490 Alexius,
370 1446 423 1487 qui
449 1448 611 1479 saeculum
884 1450 1033 1491 Marique
1056 1453 1186 1491 praesto
1211 1452 1360 1490 repetens

195 1493 306 1534 Liquit
332 1495 495 1534 sequendo
520 1495 694 1528 Dominum
884 1498 1015 1537 Optavit
1039 1498 1073 1530 in
1100 1498 1245 1531 Ciliciam

194 1542 382 1574 Altissimus
407 1542 584 1574 humilium.
883 1544 1109 1578 Transfretare
1133 1545 1341 1585 provinciam.

134 1601 167 1631 2.
192 1599 297 1640 Regia
322 1608 442 1639 sponsa
467 1600 570 1632 caruit
826 1604 856 1636 6.
883 1602 1006 1634 Ventus
1029 1603 1108 1635 velis
1135 1602 1323 1644 contrarius,

195 1647 242 1679 Ob
268 1647 389 1688 Jesum,
417 1648 471 1688 qui
498 1650 530 1679 et
555 1648 671 1679 claruit
883 1650 1041 1682 Tharsum
1066 1650 1226 1691 spexisset
1250 1650 1365 1689 carius,

193 1695 354 1735 Ingenuus
381 1695 546 1727 verissime
883 1698 976 1731 Aede
1000 1699 1103 1738 patris
1129 1698 1313 1737 suscipitur,

192 1743 231 1775 In
256 1743 318 1775 hoc
344 1743 464 1775 caduco
489 1745 644 1783 tempore.
882 1747 935 1778 Ad
962 1747 1112 1779 alendum
1138 1744 1355 1779 committitur.

134 1801 166 1833 3.
193 1799 347 1832 Edissam
372 1800 474 1831 intrat
498 1809 643 1843 peregre,
825 1804 855 1837 7.
881 1802 937 1834 Bis
963 1805 1086 1843 septem
1111 1811 1202 1835 annis
1230 1802 1347 1844 deguit,

193 1847 293 1880 Dives
320 1850 353 1879 et
375 1856 501 1888 pauper
524 1857 673 1889 propere,
882 1850 946 1883 Sub
973 1853 1062 1891 stega
1086 1853 1152 1882 tres
1178 1850 1334 1894 adhibuit,

193 1896 251 1928 Pie
277 1896 416 1928 vivendo
441 1895 613 1928 Dominum
880 1898 970 1930 Dans
995 1898 1132 1931 trinitati
1158 1898 1292 1938 gloriam

187 1942 358 1985 Efflagitat
382 1945 493 1978 Jesum
519 1944 691 1980 Christum.
882 1947 945 1979 Per
970 1956 1058 1979 suam
1083 1946 1263 1980 victoriam.

130 2002 163 2034 4.
190 2001 317 2034 Dehinc
337 2001 465 2034 Mariae
489 2002 621 2046 placuit,
822 2005 853 2038 8.
882 2003 1037 2044 Spiritum
1062 2006 1135 2045 post
1162 2003 1288 2043 obtulit,

187 2049 238 2081 De
261 2058 298 2082 eo
325 2058 406 2091 quae
431 2059 495 2082 non
520 2050 631 2090 tacuit,
880 2052 977 2092 Quem
1002 2052 1089 2084 Deus
1114 2054 1189 2085 ante
1213 2051 1315 2084 voluit

186 2098 365 2131 Pandendo
390 2107 450 2138 per
475 2098 662 2139 mysterium
879 2099 1068 2141 significare
1092 2099 1207 2140 literis,

187 2147 300 2186 Ipsum
325 2145 397 2179 fore
420 2147 668 2182 sanctissimum.
877 2148 1028 2187 Quisnam
1054 2147 1177 2189 fuisset,
1204 2152 1353 2188 postelis.

508 2206 540 2238 9.
568 2204 618 2237 Sit
643 2204 783 2238 trinitati
808 2205 912 2245 gloria

564 2252 798 2294 Fidelibusque
822 2253 935 2295 gratia,

568 2301 614 2335 Ut
638 2301 747 2333 Alexii
773 2300 933 2341 suffragiis

564 2349 774 2389 Protegamur
799 2349 839 2380 ab
862 2347 986 2382 inferis.

199 2433 286 2460 Brev.
309 2433 539 2472 constantiense
558 2435 628 2470 imp.
650 2443 673 2462 s.
695 2434 715 2461 l.
737 2435 774 2461 et.
796 2441 822 2461 a.
844 2448 880 2452 —
903 2432 929 2467 6,
952 2433 967 2462 1
988 2435 1085 2464 Nentc
1107 2434 1192 2461 velis.
