1653 2637
673 104 838 147 *220
889 129 931 141 ῳ

144 211 175 245 3.
200 212 231 244 A
259 208 369 244 diebus
389 209 564 250 juventutis
826 211 858 244 4,
887 208 946 248 Qui
970 216 1029 247 per
1055 208 1146 247 signa.
1167 207 1273 240 adhue
1296 205 1406 239 vivens

248 258 346 301 pium,
376 264 506 303 castum,
534 257 685 292 humilem
933 255 1093 287 renitebat
1116 255 1215 296 varia,

201 306 418 349 praesciebat,
444 307 577 348 largum,
601 305 720 344 mitem,
885 302 979 335 Nune
1003 302 1164 343 subjectus
1190 303 1231 334 ad
1257 310 1396 342 superna

250 355 383 386 caritate
404 354 589 397 praecluem¹
935 353 1086 390 operatur
1109 351 1248 390 plurima

201 400 246 433 Et
269 402 387 433 virtute
412 402 596 433 meritorum
886 397 1170 438 Resplendensque
1195 406 1265 429 cum
1291 397 1400 428 electis

246 450 311 488 jam
336 448 609 483 inaestimabilem,
933 446 965 476 in
990 445 1123 485 perenni
1147 445 1257 484 gloria.

484 507 514 539 5.
540 505 637 537 Trino
662 504 730 536 Deo
755 504 788 535 in
810 502 966 543 personis,

587 551 645 584 uni
667 552 701 583 in
725 550 905 583 substantia

543 599 689 632 Summus
714 599 825 638 honor,
850 606 973 629 summa
996 597 1108 636 virtus,

593 655 715 678 summa
738 646 781 678 sit
807 648 838 676 et
862 645 974 685 gloria,

546 695 642 733 Cujus
668 702 798 734 regnum
825 696 856 724 et
879 695 1021 732 potestas

592 751 652 781 per
675 745 806 774 aeterna
830 739 967 773 saecula.

223 826 308 854 Brev.
337 826 494 854 Lundonse
530 826 599 862 imp.
630 824 754 853 Parisiis
792 821 874 852 1517.
904 824 938 851 A.
968 838 1007 843 -—
1035 822 1120 850 BreV.
1150 821 1360 850 Roschfldense
1389 821 1458 856 imp.

146 865 271 892 Parisiis
295 862 376 892 1519.
397 864 430 892 Β.
452 878 481 883 -
507 864 592 892 Brev.
613 863 812 890 Aarhusicnse
831 863 900 897 imp.
920 861 1101 889 Aarhursiae
1123 858 1206 887 1519.
1228 860 1259 887 C.

593 991 660 1023 384.
689 991 734 1023 De
757 991 864 1022 sancto
885 990 1017 1022 Ketillo.

679 1067 728 1098 Ad
746 1067 938 1098 Nocturnum.

152 1141 181 1173 1.
206 1139 338 1172 Festiva
365 1139 432 1170 dies
459 1138 582 1177 colitur,
835 1138 865 1169 3.
893 1135 954 1174 Qui
979 1139 1195 1167 coruscantem
1219 1134 1343 1166 meritis

207 1188 247 1220 In
272 1195 335 1227 qua
357 1186 512 1226 migrasse
535 1184 675 1217 traditur
893 1183 938 1214 Et,
966 1182 1121 1215 virtutum
1145 1182 1301 1223 prodigiis

209 1234 328 1267 Christi
354 1232 460 1265 fidelis
485 1233 616 1274 assecla,
895 1230 1057 1262 Conscivit
1081 1234 1222 1261 sanctum
1248 1229 1333 1261 hunc
1357 1237 1449 1260 sacro

209 1281 350 1313 Ketillus
377 1280 418 1312 ad
446 1280 603 1311 coelestia.
895 1277 1082 1309 Sanctorum
1107 1276 1323 1309 contubernio,

151 1341 182 1372 2,
210 1338 328 1370 Sonent
354 1346 428 1378 ergo
453 1345 539 1368 nunc
563 1336 677 1368 tinnuli
835 1336 867 1368 4.
893 1334 962 1366 Deo
987 1334 1073 1374 patri
1099 1333 1142 1366 sit
1166 1333 1266 1373 gloria

210 1385 458 1417 Harmoniarum
483 1384 614 1422 moduli,
893 1381 1036 1421 Eiusque
1060 1380 1120 1413 soli
1144 1380 1212 1412 fflio

209 1433 255 1465 Et
280 1432 495 1464 collaudemus
522 1439 660 1463 consona
898 1428 976 1461 Cum
1001 1429 1115 1468 spiritu
1140 1428 1297 1468 paraclito

213 1480 298 1512 Voce
321 1479 384 1511 Dei
407 1478 577 1519 magnalia.
896 1476 940 1507 Et
963 1485 1048 1508 nunc
1072 1479 1105 1507 et
1123 1476 1158 1507 in
1182 1478 1382 1515 perpetuum.

228 1564 312 1591 Brev.
341 1562 498 1591 Lundense
530 1562 599 1598 imp.
629 1561 753 1589 Parisiis
789 1558 870 1587 1517.
903 1560 938 1587 A.
972 1574 1009 1579 —-
1038 1560 1124 1587 Brev.
1155 1559 1368 1587 Roschildense
1397 1561 1467 1595 imp.

151 1603 264 1630 Parisii:
299 1599 381 1628 1517.
402 1601 434 1627 B.
511 1601 597 1628 Brev.
617 1598 816 1627 Aarhusiense
833 1599 904 1634 imp.
924 1598 1090 1625 Aarhusiae
1110 1595 1192 1625 1519.
1214 1597 1246 1625 G.

599 1730 665 1761 385.
697 1730 739 1761 De
759 1728 866 1760 sancto
886 1727 1019 1760 Ketillo.

708 1806 762 1835 Ad
781 1806 910 1837 Laudes.

158 1879 191 1911 1.
217 1877 366 1917 Refulge‘t
394 1877 462 1909 dies
487 1885 600 1916 annua,
843 1877 874 1909 3.
902 1876 961 1915 Qui
988 1877 1028 1908 de
1053 1875 1143 1908 verbi
1170 1875 1339 1908 dulcedine

215 1926 302 1965 Quae
325 1925 367 1956 ad
393 1924 478 1956 festa
504 1925 654 1956 continua
902 1923 1038 1963 Gregem
1064 1924 1227 1955 consuevit
1250 1932 1383 1962 pascere

216 1973 416 2012 Quorumque
441 1971 669 2011 suspirantium
901 1971 945 2002 Et
968 1971 1002 2003 in
1030 1971 1163 2003 collecto
1189 1980 1365 2010 pauperum

218 2019 330 2051 Movet
353 2021 474 2050 mentes
499 2017 652 2051 fidelium.
904 2017 1003 2050 Coetu
1028 2018 1158 2059 collegit
1182 2018 1363 2053 Dominum.

159 2079 190 2110 2.
216 2076 311 2109 Unde
335 2075 501 2115 praedulci
528 2075 663 2107 Domino
844 2075 875 2107 4.
902 2074 997 2106 Nunc
1007 2075 1158 2107 Marthae
1172 2075 1272 2108 vicem
1287 2085 1473 2118 exsequens,

216 2124 373 2156 Oanamus
406 2123 492 2154 dulci
513 2122 615 2162 jubilo
902 2121 997 2153 Nune.
1022 2131 1091 2154 cum
1115 2122 1223 2155 Maria
1246 2123 1402 2167 residenS,

218 2172 255 2203 ln
280 2171 341 2203 hac
365 2171 414 2202 sui
439 2170 630 2202 sanctissimi
904 2169 967 2201 Per
991 2170 1155 2210 utriusque
1180 2171 1329 2203 meritum

219 2218 426 2251 Solemnitate
451 2216 571 2251 famuli.
904 2217 998 2248 Vitae
1028 2220 1139 2249 nactus
1165 2222 1213 2249 est
1237 2221 1425 2259 praemium.

529 2276 560 2306 5.
587 2274 681 2316 Laus,
709 2274 821 2316 honor,
848 2274 941 2315 vitus,
965 2274 1076 2314 gloria.

221 2361 321 2405 'lssrev0
350 2359 508 2387 Lundense
539 2359 610 2393 imp.
639 2358 763 2403 Parisiis
798 2357 880 2387 1517.
910 2359 946 2387 A.
979 2375 1016 2379 —
1044 2361 1131 2388 Brev.
1161 2362 1375 2391 Roschiltlense
1405 2365 1477 2400 imp.

158 2400 283 2428 Parisiis
307 2396 388 2426 1517.
409 2397 443 2425 B.
465 2410 499 2415 —-
522 2397 607 2423 Brev.
630 2396 829 2425 Aarhusiense
847 2398 917 2434 imp.
937 2398 1102 2427 Aarhusiae
1123 2398 1205 2428 1519.
1229 2401 1260 2428 G.
