1653 2637
690 162 729 165 --
779 140 942 176 248-

603 253 670 285 438.
700 253 743 285 De
762 255 868 285 saneto
890 252 1023 285 Nicolao.

701 339 749 370 Ad
768 340 924 378 Vesperas.

160 419 191 452 1.
218 418 380 460 Nicolaus,
406 420 457 451 vir
482 419 611 460 electus,
846 420 878 452 3.
903 418 967 450 Hic
990 419 1130 459 pupillos
1156 421 1189 449 et„
1213 426 1328 459 egenos

267 467 372 499 clarus
404 466 466 498 fuit
490 475 615 506 genere,
953 474 1141 498 conservare
1165 465 1299 506 studuit,

223 514 333 546 Clarus
359 518 441 557 ortu,
467 515 571 548 clarus
597 522 702 551 sensu,
903 514 967 545 Hic
993 513 1033 545 de
1055 515 1158 545 morte
1182 516 1247 544 tres
1271 513 1397 545 sodales

268 562 383 594 clarior
408 571 447 593 ex
471 570 577 601 opere,
950 560 1074 593 nobiles
1100 560 1226 600 eripuit,

218 608 317 640 Veste
341 611 444 641 tectus
469 611 645 649 syncopata
903 608 986 640 Dum
1012 608 1045 639 in
1071 608 1189 640 somnis
1216 606 1456 639 Constantinum

267 657 356 688 novit
379 659 489 688 sancte
513 656 633 688 vivere.
951 659 983 687 et
1008 655 1180 695 eparchum
1203 655 1328 688 terruit.

161 713 195 744 2.
221 713 282 751 Qui
305 712 440 753 figuram
464 721 553 745 suam
581 722 714 745 cernens
844 714 878 746 4.
902 712 998 753 Signo
1026 712 1129 744 crucis
1153 721 1218 744 non
1240 712 1388 743 vident-‚es

269 768 390 792 caesam
420 761 520 792 multo
545 761 689 800 verbere,
949 760 1056 791 oculos
1081 759 1216 801 aperuit,

219 807 273 838 Ad
304 808 443 839 latrones
470 807 531 838 cito
555 808 670 848 pergit,
904 806 1033 839 Claudis
1058 815 1200 847 gressum
1225 808 1320 845 atque
1344 805 1451 837 surdis

268 852 355 886 furta
386 853 462 886 facit
488 855 625 886 reddere
951 854 1093 886 auditum
1118 853 1268 895 restituit,

221 902 266 933 Et
293 911 449 941 paganum
475 904 583 933 movet
607 904 673 933 toto
903 901 946 933 Et
972 903 1005 933 in
1032 901 1128 933 coelis
1152 904 1226 940 post
1252 908 1415 931 excessum

270 949 365 980 corde
391 949 551 981 Christum
580 949 690 981 :olera
954 949 1099 980 coronari
1122 948 1247 979 meruit.

524 1007 554 1039 5.
581 1006 677 1043 Audi,
706 1006 841 1045 Christe,
868 1006 1067 1037 servulorum

629 1062 740 1093 preces
767 1055 799 1083 et
822 1053 971 1092 suspiria,

583 1102 685 1133 Parce
713 1099 805 1132 nobis
829 1108 888 1140 per
911 1100 1006 1131 beata

627 1145 787 1186 praesulis
813 1146 972 1187 suffragia,

581 1195 628 1227 Ut
653 1203 721 1226 cum
747 1194 874 1227 Christo
900 1195 1072 1235 gloriemur

631 1242 664 1272 in
691 1242 821 1273 coelesti
848 1243 945 1275 curia.

223 1324 329 1391 Γὲἱνον.
349 1333 404 1352 ms.
422 1325 529 1353 Metens
577 1333 653 1353 saec.
677 1323 722 1352 14.
755 1324 825 1353 Cod.
845 1326 1050 1362 Stuttgartien.
1064 1325 1129 1353 ΗΒ.
1148 1325 1165 1352 Ι
1177 1325 1244 1352 Asc.
1267 1322 1330 1352 103.
1349 1338 1388 1343 ——
1407 1321 1435 1357 3,
1455 1322 1472 1351 6

168 1371 223 1399 epa
271 1372 308 1389 m.

603 1502 672 1534 439.
702 1502 746 1534 De
766 1504 872 1535 sancto
893 1502 1028 1533 Nicolao.

162 1592 193 1625 1.
220 1592 325 1623 Purae
348 1592 462 1622 mentis
485 1593 518 1623 et
541 1592 664 1623 sincero
849 1594 880 1625 4.
907 1592 1104 1623 Adolescens
1127 1590 1325 1622 incrementa

270 1638 382 1671 Gordis
407 1638 617 1670 oblectamine
955 1638 1114 1670 Virtutum
1139 1638 1288 1670 adhibuit

220 1686 292 1717 Jam
318 1686 434 1718 devota
457 1686 549 1725 plebs
575 1695 646 1717 cum
671 1686 756 1717 clero
906 1685 950 1717 Et
974 1686 1080 1725 egenis
1105 1685 1257 1717 alimenta

269 1732 382 1765 Votivo
407 1733 559 1765 libamine
955 1733 1074 1765 Salutis
1100 1732 1253 1770 exhibuit,

218 1780 342 1813 Psallat
367 1779 503 1822 Christo,
531 1781 599 1812 Deo
623 1789 711 1821 vero,
907 1780 961 1812 Sic
984 1780 1179 1821 pauperibus
1205 1779 1346 1812 fomenta

267 1829 363 1860 Vocis
392 1829 616 1861 modulamine.
953 1829 1083 1860 Peccati
1107 1828 1281 1869 probibuit.

160 1887 191 1917 2.
221 1885 402 1919 Jubilantes
429 1886 645 1926 hymnizemus
849 1888 880 1919 5.
907 1887 978 1918 Vox
1004 1885 1150 1917 coelestis
1177 1885 1359 1917 declaratur

266 1933 348 1973 Regi
368 1934 598 1976 potentissimo,
954 1933 1063 1966 Plebis
1086 1933 1121 1964 in
1147 1932 1294 1973 concilio,

218 1981 364 2013 Praesuli
389 1981 628 2012 solemnizemus
906 1980 1040 2013 Praesul
1065 1979 1135 2012 sedi
1159 1979 1349 2011 sublimatur

267 2027 428 2059 Concentu
450 2028 650 2066 suavissimo,
952 2027 1069 2059 Divino
1096 2027 1237 2067 consilio,

221 2075 317 2113 Cujus
343 2083 405 2114 ope
429 2076 663 2115 congaudemus
905 2074 1041 2107 Sanctus
1062 2074 1126 2105 Dei
1152 2076 1355 2105 consecratur

267 2121 343 2152 Ritu
367 2121 635 2160 frequentissimo.
954 2121 1146 2153 Plebetenus
1171 2120 1278 2160 opilio,

160 2180 193 2212 3.
218 2177 371 2209 Nicolaus
396 2178 501 2209 adhuc
522 2178 632 2216 jacens
847 2181 877 2212 6.
902 2178 975 2209 Jam
998 2177 1030 2208 in
1057 2180 1145 2209 terra
1170 2176 1359 2209 constitutus

267 2223 378 2256 Infans
402 2224 435 2255 in
463 2225 635 2268 cunabulis,
955 2224 1075 2256 Clarm't
1095 2223 1257 2255 miraculis

219 2271 335 2304 Adhuc
359 2271 471 2302 stricta
495 2271 604 2310 lingua
628 2273 748 2307 tacens,
903 2271 946 2303 Et
971 2271 1118 2311 legaliter
1143 2275 1255 2302 exutus

267 2318 340 2350 Non
365 2320 457 2349 utens
483 2318 657 2355 vocabuliS,
954 2318 1064 2350 Carnis
1093 2317 1340 2359 obumbracufis,

219 2367 310 2400 Hora
335 2368 422 2397 certa
445 2365 514 2397 Deo
539 2365 670 2404 placens
906 2365 1060 2397 Claritate
1083 2366 1131 2396 sic
1154 2366 1284 2398 indutus

267 2412 460 2445 Abs‘tinebat
479 2412 616 2453 pabulis.
953 2412 1041 2444 Coeli
1065 2412 1266 2447 habitacufis.
