1653 2637
669 137 927 178 1—294—

171 267 178 274 .
204 240 313 274 Nostri
338 246 443 274 reatus
471 240 579 273 debita
829 241 860 272 6.

204 288 284 328 EJus
315 290 459 322 relaxent
483 289 609 330 merita,

203 337 318 376 Aegris
343 336 497 369 medelam
522 335 685 369 conferant

204 383 248 415 Et
271 383 362 415 nobis
388 392 498 424 pacem
524 382 675 416 tribuant.

220 467 304 495 Brev.
325 467 537 496 Roschildense
557 469 627 503 imp.
647 467 772 494 Parisiis
796 464 879 493 1517.

889 240 1031 276 Praesta,
1058 240 1159 282 pater,
1186 247 1245 278 per
1266 233 1376 277 filium,

888 288 1023 319 Praesta
1046 294 1106 326 per
1131 286 1246 317 almum
1272 285 1430 324 spiritum,

889 335 966 367 Cum
992 333 1041 365 his
1066 342 1126 373 pei·
1151 341 1261 365 aevum
1287 332 1408 372 triplici

886 382 976 415 Unus
1002 380 1089 412 Deus
1117 379 1311 421 cognomine,

569 597 634 628 523.
663 597 707 628 De
727 596 835 626 sancto
858 594 1033 626 Wilhelmo.

671 671 719 701 Ad
739 671 931 701 Nocturnum.

170 771 177 778 .
206 744 371 776 Solvamus
398 741 523 775 Christo
551 742 659 774 debita
828 742 860 774 4.

204 791 419 823 Solemnitatis
445 789 571 830 gaudia,

205 838 264 876 Qui
289 838 391 879 patris
417 836 519 868 sancti
545 836 659 867 merita

203 884 308 924 Digna
335 885 466 916 decorat
489 883 599 922 gloria,

170 965 178 972 .
205 940 332 972 Virtute
357 939 530 979 patientiae

201 986 262 1018 Dei
288 987 428 1026 repletus
453 994 583 1016 munere

200 1034 335 1076 Vigiliis,
360 1032 489 1072 ,iejuniis

199 1082 299 1112 Artus
327 1079 477 1112 domabat
502 1080 656 1119 corporis.

172 1161 179 1169 .
206 1137 248 1168 Et
274 1146 332 1176 pro
358 1136 487 1168 coelesti
513 1136 620 1176 patria

201 1184 313 1216 Carnis
340 1183 448 1223 abegit
471 1183 587 1224 turpia,

200 1231 364 1262 Mundana
390 1229 467 1263 vicit
487 1230 604 1270 gaudia

199 1279 342 1309 Aeterna
366 1285 521 1318 quaerens
546 1277 699 1318 praemia.

214 1363 301 1390 Brev.
321 1361 530 1390 Rosehildense
558 1363 627 1398 imp.
647 1363 773 1390 Parisiis
796 1360 877 1389 1517.

887 742 962 781 Ipse
988 740 1137 780 dignetur
1162 739 1330 772 Dominum

888 788 1016 820 Preeari
1050 787 1340 825 clementissimum,

886 835 933 868 Ut
956 835 995 865 ab
1022 835 1160 866 aeternis
1185 834 1312 875 ignibus

887 882 953 914 Nos
979 882 1083 914 salvet
1107 885 1139 913 et
1165 881 1381 914 daemonibus.

853 963 860 970 .
886 938 989 977 Dona,
1017 941 1142 969 creator
1166 938 1316 977 omnium,

886 985 982 1023 Laus,
1011 985 1107 1016 decus
1135 985 1360 1024 confitentium,

886 1032 931 1064 Ut
956 1031 1049 1071 hujus
1071 1034 1174 1064 sancti
1200 1032 1350 1073 precibus

888 1079 975 1111 Coeli
997 1080 1168 1120 jungamur
1193 1080 1327 1113 civibus.

853 1161 860 1168 .
888 1137 1029 1179 Praesta,
1056 1139 1159 1177 pater,
1186 1147 1245 1177 per
1268 1136 1378 1179 filium,

889 1184 1021 1215 Praesta
1046 1192 1105 1223 per
1128 1185 1245 1216 almum
1271 1185 1430 1225 spiritum,

887 1231 964 1263 Cum
995 1231 1043 1262 his
1069 1240 1128 1270 per
1150 1241 1262 1264 aevum
1286 1232 1407 1272 triplici

888 1278 978 1310 Unus
1001 1278 1089 1310 Deus
1114 1280 1309 1320 cognomine.

566 1482 634 1512 524.
664 1481 708 1512 De
728 1482 836 1512 sancto
860 1482 1033 1514 willielmo.

685 1556 734 1586 Ad
753 1556 910 1594 Vesperas.

165 1652 171 1658 .
199 1626 349 1657 Exsultet
369 1626 434 1664 jam
463 1625 646 1656 coelestium
824 1628 855 1659 5,

204 1672 325 1704 Chorus
348 1674 492 1703 sacratus
519 1672 642 1710 civium,

200 1720 325 1758 Lupum
349 1718 428 1750 facit
451 1719 630 1758 agniculum

200 1765 329 1805 Deus,
358 1768 533 1797 creator
558 1767 747 1800 omnium.

166 1894 171 1900 .
199 1870 405 1901 Bernhardus
430 1878 521 1901 sacro
549 1879 676 1902 munere

202 1917 318 1949 Plenus
343 1917 520 1948 transmisit
542 1926 681 1957 propere

199 1963 404 1995 Wilhelmum
436 1964 623 1996 eremicolae

199 2010 287 2042 Jam
312 2011 423 2042 lueis
448 2014 542 2042 orto
568 2012 727 2044 sidere.

165 2092 172 2099 .
198 2067 320 2106 Erepto
344 2067 418 2099 labe
442 2068 559 2098 saeculi

199 2114 346 2145 Loricam
370 2114 502 2146 tradens
527 2115 619 2146 militi

199 2161 307 2192 Mores
331 2161 517 2194 transvertit
542 2163 638 2193 animi

200 2207 349 2240 Summi
365 2208 555 2248 largitor
572 2210 763 2248 praemii.

165 2290 171 2296 .
199 2265 374 2297 Romanum
400 2264 441 2297 ad
466 2264 647 2304 pontificem

196 2312 365 2344 Festinans
390 2311 491 2344 flectit
517 2313 676 2353 verticem,

196 2361 293 2400 Quem
316 2365 390 2400 post
405 2360 525 2392 claudit
541 2360 632 2391 annis
649 2369 760 2393 novem

197 2407 309 2440 Urbs
335 2408 459 2440 beata
483 2407 733 2440 Jerusalem.

825 2270 855 2301 8.

883 1627 968 1659 Hine
994 1637 1136 1661 remeans
1161 1631 1205 1662 ad
1229 1631 1365 1663 Tusciae

884 1674 981 1707 Fines
1007 1676 1154 1715 privatur
1178 1678 1308 1718 lumine,

885 1723 983 1762 Quem
1006 1732 1079 1755 mox
1105 1724 1260 1758 reformat
1283 1727 1407 1766 gratiae

883 1769 1099 1810 Splendor
1127 1776 1338 1812 paternae
1362 1777 1453 1814 glo-

1223 1830 1241 1852 r
1248 1829 1260 1851 1
1270 1829 1289 1851 a
1298 1829 1324 1854 e.

849 1901 856 1907 .
883 1875 935 1906 Ad
961 1878 1099 1906 montem
1124 1878 1242 1908 transit
1266 1878 1374 1916 eremi,

882 1923 933 1954 De
957 1930 1059 1961 pruno
1084 1923 1175 1954 miles
1200 1924 1330 1956 Domini

885 1968 996 2000 Cordis
1023 1970 1130 2001 calore
1155 1969 1274 2003 fervidi

883 2016 940 2047 Ad
966 2023 1123 2047 coenam
1149 2019 1237 2058 agni
1261 2021 1431 2058 providi.

848 2095 854 2102 .
882 2072 980 2111 Rapit
1006 2071 1103 2104 Satan
1132 2074 1165 2105 in
1192 2075 1308 2108 cellula

882 2119 993 2150 Virum
1019 2118 1080 2151 Dei
1107 2121 1185 2153 dans
1212 2123 1356 2158 verbera.

884 2166 981 2205 Cujus
1013 2167 1158 2200 coelestis
1184 2171 1308 2203 medica

883 2212 954 2244 Fit
971 2217 1096 2252 porta
1110 2215 1274 2250 Christi
1291 2229 1312 2259 p
1324 2223 1451 2256 ervia.

880 2269 1031 2302 Divinum
1057 2272 1098 2303 ad
1123 2275 1319 2313 praesidium

881 2317 978 2357 Fugit
1001 2318 1034 2349 in
1060 2319 1183 2354 Rhodis
1208 2323 1369 2358 stabulum

882 2363 1108 2405 contemplans
1133 2370 1195 2402 Dei
1223 2370 1336 2413 filium,

876 2411 1055 2452 Magnum
1079 2416 1220 2451 salutis
1245 2422 1438 2460 gaudium.
