1653 2637
705 168 747 172 —
801 146 870 180 244
924 168 966 171 —-

190 244 221 275 3.
248 244 293 276 Et
316 244 401 275 vitae
425 243 621 282 parsimonia

248 290 441 331 Merumque
463 291 672 323 sanctimonia

249 338 415 378 Templum
441 347 476 369 se
501 336 578 369 fecit
601 338 722 378 gloriae

247 385 383 418 Divinae
416 385 497 417 dono
523 386 653 426 gratiae.

191 472 223 503 4.
252 471 373 504 Claudo
398 479 524 512 gressus
551 470 700 512 restituit,

249 518 305 550 Cui
331 521 363 550 et
386 518 545 557 loquelam
569 517 692 555 tribuit,

249 565 389 597 Salutem
413 565 491 597 dans
516 574 585 597 cum
611 565 735 605 gaudiis

248 613 376 644 Itineris
402 621 472 644 cum
496 613 593 645 sociis

195 700 225 732 5.
254 698 300 731 Ob
326 697 467 730 mulieris
496 698 645 738 gemitum

249 745 314 777 Dat
339 746 526 778 seminecem
552 746 692 786 genitum

248 793 327 825 Mox
351 792 481 825 sanitati
505 793 669 832 pristinae,

247 840 298 872 De
322 850 382 881 quo
407 840 476 872 laus
502 840 570 880 tibi,
597 840 741 872 Domine.

876 244 906 275 6.
935 242 1062 276 Collisis
1087 242 1237 275 membris
1260 242 1405 275 omnibus

933 289 1097 323 Iufirmum
1124 292 1217 322 sanat
1240 290 1388 330 precibus

934 337 978 369 Et
1002 338 1127 370 tristem
1154 338 1194 369 de
1219 337 1371 370 miraculo

933 384 1127 417 Daemonem
1153 385 1232 425 ligat
1257 385 1393 418 vinculo.

901 495 907 501 .
937 472 1070 504 Caecum
1095 470 1228 503 Maurus
1253 471 1414 502 illuminat

932 518 978 550 Et
1004 518 1187 550 daemonem
1213 518 1364 561 eliminat,

933 565 1086 598 Reddens
1114 564 1272 597 defunctis
1298 566 1444 605 spiritum

934 613 981 645 Ob
1007 613 1094 645 vitae
1117 615 1247 644 sanetae
1270 614 1429 647 meritum.

901 724 908 731 .
935 699 1040 731 Patris
1066 708 1104 732 ac
1127 699 1196 730 nati
1219 699 1352 739 spiritus

934 744 1099 778 Illuminet
1121 755 1178 778 nos
1205 746 1348 788 coelitus,

933 794 978 825 Et
1004 794 1044 826 de
1068 793 1174 826 Mauri
1199 794 1325 826 laetitia

933 840 980 873 Sit
1006 840 1144 873 trinitat-i
1168 841 1280 881 gloria.

267 935 351 962 Brev.
374 934 605 962 Coelesfinorum
624 935 694 970 imp.
715 935 840 970 Neapoli
863 933 945 962 1488.
966 935 999 962 A.
1020 950 1057 954 —
1077 936 1163 963 Brev.
1180 935 1413 962 Coelesffinorum
1433 935 1502 970 imp.

190 973 326 1000 Venetiis
347 970 429 1000 1588.
451 973 485 999 B.
509 987 542 990 —
566 971 591 1006 6,
615 971 635 999 4
652 972 761 1008 ligavit
779 972 842 1006 AB,
864 973 921 1000 lies
941 972 1034 1000 Satan
1051 973 1180 1010 ligavit?

622 1148 691 1179 432.
720 1147 764 1180 De
784 1149 890 1179 sancto
910 1148 1071 1180 michaele.

456 1248 487 1280 1.
516 1246 650 1289 Christe,
675 1248 729 1279 lux
756 1256 833 1279 vera
857 1248 959 1287 patris
986 1251 1018 1279 et
1040 1247 1153 1289 figura,

514 1295 611 1334 Cujus
636 1304 676 1327 ex
700 1296 791 1327 vultu
814 1296 921 1334 specie
946 1296 1063 1327 decora

514 1341 650 1373 Ducitur
673 1342 741 1374 vita
764 1342 888 1374 ratione
911 1343 997 1384 nixa,

586 1388 719 1429 Suscipe
744 1393 828 1423 vota.

457 1474 488 1506 2.
515 1473 660 1505 Hostiam
685 1474 790 1506 vivam
814 1473 875 1505 tibi
898 1478 1002 1507 macto
1029 1474 1135 1515 corde,

516 1520 612 1560 Cujus
639 1529 787 1553 emanans
812 1521 971 1560 placidum
998 1531 1149 1562 vaporem

518 1567 664 1600 Suavitas
693 1570 800 1610 gratos
826 1570 951 1608 superis
977 1570 1099 1602 choreis

565 1615 673 1655 Spiret
697 1616 820 1648 odores.

461 1700 491 1732 3.
517 1700 553 1731 In
582 1700 642 1740 die,
670 1709 797 1741 quaeSO,
822 1700 1049 1741 tribulationis,

517 1746 712 1779 Daemonum
738 1757 807 1779 cum
832 1757 883 1779 me
908 1749 998 1780 cunei
1023 1749 1143 1790 globati

516 1795 554 1827 In
578 1795 682 1826 lacum
708 1798 861 1836 quaerent
884 1796 1030 1828 barathri
1056 1799 1185 1829 cruento

563 1842 717 1875 Scindere
749 1843 854 1876 dente.

457 1928 488 1960 4.
515 1927 607 1959 Pacis
633 1930 775 1969 opponat
801 1928 938 1968 clipeum
962 1929 1114 1968 Michael‚

514 1975 612 2007 Adsit
636 1976 764 2015 adjutor
789 1976 915 2008 validus
938 1977 1095 2017 Raphael,

518 2021 678 2062 Suscipiat
702 2023 789 2055 sinus
813 2024 920 2055 Patris
945 2024 1108 2058 Abrahae.

567 2097 930 2106 .......

460 2154 490 2186 5.
517 2153 566 2185 Sit
589 2155 658 2187 Deo
683 2158 793 2187 nostro
820 2154 915 2186 decus
942 2158 974 2186 et
997 2159 1150 2196 potestaS,

518 2200 567 2232 Sit
591 2202 676 2233 salus
701 2210 826 2243 perpes,
854 2202 896 2233 sit
919 2202 1020 2235 honor
1045 2203 1205 2244 perennis,

518 2247 578 2286 Qui
601 2249 668 2288 poli
692 2258 813 2280 summa
837 2250 958 2281 residet
981 2250 1014 2281 in
1040 2259 1115 2284 aree

564 2295 681 2328 Trinus
707 2299 739 2328 et
762 2305 852 2331 unus.

273 2390 353 2418 Orat.
374 2398 427 2417 ms.
449 2389 665 2424 chunegundis.
687 2399 763 2419 saec.
785 2388 829 2417 14.
849 2391 890 2417 in.
931 2390 1000 2418 Cod.
1023 2392 1147 2430 Pragen.
1168 2393 1229 2421 KH
1245 2394 1272 2422 D
1293 2393 1312 2423 8
1333 2405 1359 2424 a.
1379 2412 1418 2417 —
1437 2395 1469 2432 2,
1491 2396 1509 2426 3

196 2429 369 2457 Suavitatis.
389 2443 428 2448 —-
447 2424 472 2462 3,
493 2425 513 2455 4
531 2427 601 2455 Lies
621 2428 750 2457 Trudere
770 2428 875 2456 dente?
896 2444 932 2448 —
952 2428 979 2464 4,
1000 2428 1018 2458 3
1039 2439 1102 2468 sqq.
1122 2431 1319 2462 Liiekenhast.
