1653 2637
704 132 965 173 ---186-“-4

370 238 401 271 3.
426 237 485 277 Qui
509 238 654 270 meruisti
680 237 759 269 coeli
782 238 892 276 portas
916 235 1043 276 ingredi

423 286 469 318 Et
491 287 559 326 regi
582 285 708 317 Christo
734 285 891 317 adsistere
915 283 1061 323 Domino,

422 332 497 365 Tibi
523 333 721 365 commissum
744 332 978 373 supplicantem
1001 329 1155 371 populum

427 380 619 413 Commenda
641 381 695 420 pio
721 380 858 411 creatori
882 378 1029 411 Domino.

368 458 400 489 4.
425 457 469 489 Ut
496 456 693 488 Christianus
718 457 879 487 mereatur
902 454 1037 495 populus

425 505 464 537 In
487 504 547 535 hac
567 503 695 536 mortali
719 511 846 542 semper
869 502 937 534 vita
959 503 1085 542 protegi

423 551 470 583 Et
493 551 637 583 absoluto
661 553 866 591 peccatorum
888 549 1016 582 vinculo

425 599 521 630 Vivat
546 607 615 630 cum
639 600 733 638 patre
754 598 788 630 in
813 599 944 630 aeterna
965 597 1085 637 requie.

370 676 400 708 5.
423 675 569 707 Praestet
592 674 653 706 hoc
676 674 767 707 nobis
792 678 895 713 pater,
922 675 976 715 qui
1002 676 1050 705 est
1070 674 1103 706 in
1130 673 1236 714 coelis,

425 721 503 754 Cum
528 724 694 754 coaeterno
719 730 845 761 semper
869 721 931 753 sibi
953 720 1030 760 filio,

426 769 496 801 Hoc
522 769 624 801 virtus
649 770 751 801 sancti
775 774 894 801 annuat
917 769 1076 810 paracliti,

423 816 564 849 Trinitas
590 820 700 848 sancta
723 826 783 856 per
808 819 939 848 aeterna
963 817 1099 848 saecula.

247 902 332 929 Brev.
359 909 411 929 ms.
432 901 678 936 wirceburgense
704 909 779 928 saec.
802 898 845 928 15.
888 899 956 928 Cod.
977 900 1111 928 Vatican.
1130 900 1226 928 Palat.
1254 897 1319 928 518.
1348 914 1382 918 —
1408 897 1439 931 2,
1470 897 1483 926 1

175 940 288 973 Quibus
307 940 339 966 in
357 939 413 966 hac
433 942 495 966 vita
515 939 568 967 Hs.
607 939 678 967 Lies
699 939 771 972 Quis
791 939 823 965 in
843 939 919 966 hac?

607 1077 668 1109 315.
699 1077 742 1108 De
763 1078 871 1109 sancto
894 1077 1052 1119 Gregorio.

722 1154 771 1184 Ad
789 1154 947 1191 Vesperas.

199 1260 207 1268 .
233 1233 387 1265 Laetetur
411 1233 497 1265 orbis
524 1232 685 1272 quadruus
860 1235 890 1266 3.
918 1232 1052 1265 Gentem
1078 1234 1234 1265 convertit
1258 1234 1429 1273 Anglicam

232 1281 300 1313 Piis
325 1283 509 1313 concertans
533 1280 692 1322 laudibus,
920 1281 1081 1314 Colentem
1106 1281 1300 1321 idolatriam,

233 1328 337 1359 Adest
361 1327 478 1359 festum
504 1326 661 1368 Gregorii,
916 1328 1026 1360 Missis
1051 1328 1327 1368 praedicatoribus

234 1374 398 1409 Pontii-icis
425 1375 542 1406 eximii.
917 1376 1115 1408 Adscribens
1141 1375 1260 1408 Christi
1286 1375 1406 1410 ovibus.

197 1475 209 1486 .
233 1452 296 1483 Hic
320 1460 411 1483 sacro
437 1450 564 1483 fervens
589 1451 694 1483 studio
859 1452 892 1484 4.
920 1450 1041 1490 Spiritu
1067 1454 1177 1483 sancto
1204 1451 1317 1484 didicit

233 1499 347 1531 Totum
373 1507 407 1531 se
431 1498 519 1530 vovit
541 1498 685 1538 Domino,
915 1498 1082 1538 Magistro,
1110 1499 1266 1539 quidquid
1292 1500 1403 1544 edidit,

235 1546 360 1586 Verbis,
385 1546 514 1585 scriptis
537 1549 569 1577 et
589 1554 686 1584 opere
918 1544 1023 1578 Favos
1050 1546 1215 1578 destillans
1240 1547 1399 1579 mentibus

235 1593 433 1633 Propagator
458 1592 619 1625 ecclesiae.
916 1592 1011 1625 Nunc
1036 1602 1181 1625 sermone
1205 1603 1288 1627 nunc
1315 1595 1470 1628 cantibus

562 1671 594 1702 5.
620 1668 736 1700 Sancto
761 1670 941 1700 sanctorum
964 1669 1068 1709 gloria

622 1716 717 1747 Tanti
741 1716 843 1756 patris
868 1717 1021 1748 memoria

619 1763 671 1795 Ab
696 1763 816 1804 angelis
840 1766 871 1795 et
894 1764 1022 1796 homine

620 1810 756 1843 Dicatur
780 1812 865 1843 omni
888 1815 1042 1851 tempore.

250 1899 352 1934 Propr.
373 1897 596 1926 Boscoducense
615 1898 686 1933 imp.
708 1898 896 1933 Antwerpiae
916 1907 939 1926 s.
960 1907 987 1926 a.

630 2026 691 2058 316.
720 2025 764 2058 De
784 2028 892 2059 sancto
914 2028 1072 2068 Gregorio.

721 2103 770 2132 Ad
788 2103 947 2141 Vesperas.

203 2207 209 2214 .
233 2182 351 2221 Pange,
376 2180 494 2223 lingua,
522 2179 712 2212 confessoris
863 2184 895 2215 2.
921 2183 1096 2222 Tamquam
1122 2184 1231 2217 Aaron
1257 2186 1376 2219 electus

285 2227 392 2259 Incliti
420 2228 634 2270 praeconium,
970 2230 1087 2262 Christi
1113 2235 1243 2270 praeest
1266 2233 1388 2274 ovibus,

237 2275 410 2308 Melodiam
441 2274 557 2307 formet
581 2275 644 2307 oris
923 2277 1037 2309 Pastor
1064 2278 1152 2318 vigil,
1179 2279 1247 2312 zelo
1273 2284 1390 2323 rectus,

284 2322 427 2354 Fervens
452 2322 550 2354 ardor
574 2323 734 2362 mentium,
971 2323 1036 2356 Sed
1061 2326 1167 2357 suavis
1191 2329 1342 2368 moribus,

239 2372 329 2404 Intus
355 2370 462 2411 corda,
488 2370 597 2411 lingua
621 2369 699 2403 foris
924 2371 1018 2403 Velut
1041 2372 1172 2415 Moyses
1199 2375 1334 2409 dilectus

286 2419 464 2452 Personent
488 2417 686 2459 Gregorium.
970 2419 1040 2451 Deo
1066 2423 1098 2452 et
1120 2421 1311 2459 hominibus,
