1653 2637
778 173 1027 209 —181—

513 269 544 301 2.
571 268 666 300 Nunc
690 270 771 302 vites
797 271 900 303 avidis
926 274 1029 304 musta
1055 271 1174 304 colonis

571 316 743 350 Exsudant
768 318 866 357 ebria,
894 319 951 351 sed
976 320 1031 360 pia
1054 319 1146 352 nobis

572 365 611 397 In
638 365 765 399 Christo
791 367 897 399 solida
920 368 985 399 vite
1009 368 1159 399 rubentes

571 412 616 444 Hi
648 413 726 445 dant
749 412 895 446 melliflui
921 415 1038 455 gaudia
1061 414 1157 447 botri.

513 470 544 503 3.
572 469 645 501 Diri
670 479 747 510 quos
770 471 876 502 rabies
902 480 997 503 saeva
1021 472 1150 512 tyranni

571 517 753 557 Discerpsit
773 518 918 550 lacerans
944 519 1143 558 Maximiani,

572 565 656 598 Fido
681 565 731 597 bis
756 566 886 598 decimis
914 567 1009 599 dente
1033 566 1165 599 resectis

572 613 668 645 Prelo
693 616 859 645 nectareas
884 615 1029 646 subdidit
1052 623 1141 647 uvas,

512 671 544 702 4.
571 669 657 701 Hinc
681 670 778 701 musti
802 671 938 702 scaturit
963 671 1056 702 dulce
1079 669 1241 713 fluentum,

571 717 637 755 Quo
662 726 720 749 nos
745 719 783 748 ut
805 726 941 758 recrees,
968 721 1097 750 strenue
1121 718 1272 757 princeps

569 764 613 796 Et
640 764 704 796 dux
728 764 861 796 militiae
885 768 1005 807 sancte,
1032 774 1210 806 precamur,

569 812 714 852 Mauriti,
740 812 874 844 miseros
899 813 973 844 labe
997 816 1156 853 gravatos

510 870 541 901 5.
570 868 664 900 Nunc
689 867 768 900 felix
792 869 875 909 legio
900 872 1039 909 strenua,
1064 869 1177 901 mortis

571 916 707 954 Victrix,
731 925 893 956 purpureo
918 917 1018 949 tincta
1045 925 1166 954 cruore,

571 964 673 996 Nobis
698 964 897 1004 supplicibus
921 963 1014 996 flecte
1039 965 1212 997 minantem

568 1011 695 1043 Nostris
720 1010 850 1051 flagitiis
873 1012 991 1051 Judicis
1016 1013 1108 1046 iram.

511 1068 542 1100 6.
570 1067 619 1100 Sit
642 1068 711 1099 laus
739 1068 834 1108 digna
857 1069 953 1108 patri,
980 1078 1102 1100 summa
1126 1070 1268 1107 potestas

569 1115 618 1147 Sit
645 1114 770 1147 Christo
796 1116 913 1155 genito,
940 1117 982 1147 sit
1007 1123 1130 1156 quoque
1155 1117 1264 1146 sancto

568 1162 678 1194 Virtus
703 1163 841 1205 spiritui,
869 1163 922 1202 qui
947 1163 1034 1195 Deus
1061 1172 1139 1195 unus

565 1210 693 1260 Regnat
717 1213 872 1250 perpetuo
898 1214 1023 1243 cuncta
1037 1211 1227 1251 gubernans

317 1279 400 1306 Miss.
419 1285 473 1305 ms.
495 1276 678 1304 Belisianum
699 1284 775 1303 saec.
798 1273 840 1303 15.
881 1276 950 1303 Cod.
972 1277 1137 1304 Bruxellen.
1160 1273 1321 1302 9786—90.

689 1377 756 1409 306.
787 1378 830 1409 De
852 1378 959 1408 sancto
983 1377 1121 1409 Gerlaco.

240 1454 271 1486 1.
298 1450 522 1491 Vespertinam
548 1450 602 1490 qui
627 1450 668 1481 ad
693 1450 804 1481 horam
928 1451 959 1482 3.
985 1448 1101 1480 Mundi
1126 1447 1216 1479 vanis
1241 1447 1423 1489 innodatus,

298 1500 395 1531 Venit
419 1500 500 1531 bene
524 1506 665 1537 purgans
689 1506 812 1528 moram
984 1496 1129 1528 Tandem
1154 1498 1254 1526 totum
1279 1494 1348 1526 Deo
1376 1494 1468 1526 datus

300 1548 446 1580 Obtinuit
472 1546 647 1586 denarium,
988 1543 1154 1577 Convertit
1180 1542 1374 1574 desiderium

298 1598 416 1628 Aestus
444 1593 551 1625 diurni
573 1592 761 1632 praemium.
984 1592 1022 1623 In
1049 1599 1188 1623 amorem
1215 1590 1409 1623 coelestium.

238 1656 270 1687 2.
298 1654 349 1686 Ita
374 1654 427 1693 qui
451 1651 530 1683 vicit,
554 1651 676 1682 lasciva
927 1652 959 1683 4.
986 1649 1064 1681 Oret
1089 1656 1163 1688 ergo
1187 1656 1245 1679 nos
1268 1648 1407 1679 transire

297 1700 519 1735 Poenitentiae
541 1699 660 1738 laxiva,
985 1696 1083 1728 Dulci
1107 1704 1186 1727 voce
1211 1695 1293 1727 diem
1319 1695 1388 1726 irae

298 1751 434 1783 Sanctus
461 1746 616 1779 Gerlacus
641 1745 752 1778 vilium
985 1744 1031 1776 Et
1053 1747 1178 1776 mutare
1203 1743 1350 1774 exsilium

296 1798 393 1830 Lavit
416 1796 558 1828 maculas
583 1794 738 1825 sordium.
987 1792 1025 1824 lin
1049 1791 1130 1824 coeli
1156 1791 1362 1822 domicilium.

554 1853 585 1885 5.
610 1851 754 1890 Praesta,
781 1853 875 1890 pater
898 1850 1107 1891 omnipotens,

610 1899 673 1931 Per
697 1898 806 1931 Jesum
833 1898 994 1931 Christum
1018 1897 1203 1938 Dominum,

610 1947 671 1986 Qui
695 1950 798 1978 tecum
823 1947 858 1978 in
884 1948 1075 1986 perpetuum

608 1996 732 2037 Regnat
763 2004 822 2035 per
846 2003 938 2027 omne
963 1994 1135 2026 saeculum.

308 2067 419 2102 Hymn.
432 2072 483 2092 ms.
493 2062 665 2098 Campensis
678 2062 748 2088 anni
758 2058 840 2088 1462.
857 2059 1152 2088 Cod-Darmstadien.
1164 2055 1229 2085 521.
1288 2055 1315 2091 2,
1326 2056 1341 2085 1
1357 2059 1408 2094 qui
1417 2059 1494 2085 vixit
1503 2058 1557 2085 Hs.

670 2154 736 2186 307.
767 2153 810 2185 De
831 2154 942 2185 sancta
964 2152 1126 2185 Gertrudo.

233 2235 263 2267 1.
289 2231 522 2265 Mansuescunt
546 2230 640 2260 antra
663 2227 794 2268 tyranni
926 2228 958 2259 2.
983 2226 1141 2266 Sponsum
1166 2231 1302 2263 sequens
1326 2223 1360 2253 in
1385 2222 1515 2254 aethere

336 2280 440 2312 hostis
467 2277 572 2309 invidi
597 2276 700 2316 arida,
1032 2276 1161 2313 pastum
1184 2271 1269 2302 inter
1293 2270 1374 2309 lilia,

291 2328 402 2369 Surgit
428 2326 502 2360 dum
528 2325 571 2357 ad
597 2324 722 2356 culmen
749 2322 827 2354 coeli
985 2321 1117 2361 Septum
1142 2319 1238 2352 turba
1261 2319 1421 2359 virginali,

339 2374 509 2410 Gertrudis
534 2371 750 2413 praefulgida,
1032 2368 1159 2409 sprevit
1182 2367 1386 2399 matm‘monia

290 2424 434 2456 Aureola
460 2423 612 2454 coronata
984 2416 1119 2449 Terreni
1144 2414 1248 2448 fulciti
1272 2415 1404 2455 gemmis

340 2469 498 2503 castitatis
523 2468 637 2509 gratia.
1033 2463 1143 2504 sponsi
1168 2463 1257 2494 velut
1278 2462 1396 2494 taedia.
