1653 2637
176 159 231 192 17.
245 155 364 199 Reges,
388 167 488 199 regna
512 162 545 191 et
568 162 725 192 tormenta
861 159 916 193 18.
932 156 1015 192 Sunt
1040 162 1071 190 et
1093 159 1202 191 dicunt
1224 158 1271 191 ibi
1294 167 1369 191 vera

293 207 408 238 sistant
429 216 493 240 uno
515 216 657 246 numero,
976 209 1009 237 et
1031 208 1120 238 reeta
1139 206 1271 247 judieia‚

247 252 298 286 Ibi
323 254 463 286 reddunt
487 255 641 287 rationem
932 253 983 284 Ibi
1006 261 1116 286 servus
1139 253 1221 285 liber
1245 254 1355 285 adstat

297 301 337 333 de
361 302 445 341 quod
469 303 552 334 male
576 301 727 334 fecerunt.
977 303 1051 333 ante
1074 300 1137 333 Dei
1160 301 1382 341 praesentiam,

255 375 324 404 Cod.
341 376 506 404 Bruxellen.
528 374 687 404 8560-67.
709 383 785 403 saec.
810 373 852 403 10.
873 376 912 402 in.
933 388 971 392 —
993 373 1016 408 1,
1038 373 1055 401 2
1075 375 1192 402 misero.
1211 390 1250 395 —-
1272 374 1298 411 2,
1313 373 1330 401 2
1353 384 1429 403 unus
1443 377 1486 403 at-

182 422 238 449 que
257 415 388 442 mortuis.
409 428 445 433 -—
468 414 499 449 7,
529 413 542 441 1
569 414 753 442 Geminatum
775 413 889 441 exaudi.
913 426 949 431 -
969 412 1001 447 7,
1029 411 1049 440 4
1067 412 1138 440 Lies
1153 412 1323 447 judicabis?
1348 429 1386 434 -
1406 412 1437 447 9,
1468 414 1486 440 2

179 451 249 479 Lies
272 453 409 480 termini?
433 467 471 471 —
493 450 536 486 10,
560 449 574 480 1
596 452 733 480 Claritas
757 465 792 470 —·
815 449 858 484 10,
879 448 898 478 4
917 451 1047 478 lubricus
1067 450 1220 478 incendiis.

602 581 649 612 75.
677 579 721 611 De
742 578 846 610 eodem
865 579 1065 620 argumento.

498 655 540 685 R0
559 655 640 694 Jesu,
663 657 820 686 clementer
839 657 1014 687 tribulantes
1034 658 1166 688 subveni,

422 726 454 759 1.
480 722 570 759 Audi
593 735 652 764 me,
677 726 775 767 Deus,
799 728 1003 765 peecatorum
1025 726 1167 768 nimium,

481 773 565 806 Satis
588 772 741 805 afflictum
767 782 880 813 corpus
907 773 956 805 vel
980 774 1138 814 spiritum,

482 819 594 860 Inique
619 820 669 860 egi
692 821 726 852 in
751 822 922 860 conspectu
949 820 1084 853 Domini.

424 878 457 909 2.
481 873 574 910 Bona
596 879 669 909 sunt
693 878 784 909 luera
805 877 840 908 in
863 879 993 909 terrena
1014 877 1131 917 patria,

483 924 518 956 Si
542 923 673 964 quisque
697 923 805 956 fruens
834 934 903 956 cum
927 924 1035 957 divina
1058 926 1163 965 gratia

484 971 610 1010 Optime
636 971 711 1003 data
737 972 777 1003 de
802 973 947 1012 supernis
971 972 1096 1005 militat.

426 1028 458 1060 3.
485 1024 613 1061 Goelmn
637 1029 824 1068 resplendet
850 1029 889 1061 de
913 1031 1093 1061 sanctorum
1117 1030 1241 1070 merita,

485 1074 586 1107 Terra
611 1076 768 1114 depremit
791 1075 888 1107 insita
911 1076 1043 1115 malitia,

485 1121 554 1161 Ego
578 1122 719 1154 misellus
744 1123 864 1155 incurri
891 1132 950 1162 per
973 1123 1132 1158 tenebras

429 1179 461 1211 4.
486 1175 574 1212 Deus
598 1182 737 1218 aeterne,
764 1179 806 1211 ad
831 1183 864 1211 'te
889 1180 987 1212 clamo
1008 1181 1137 1220 jugiter,

481 1226 603 1258 Lumen
629 1225 753 1259 effunde
778 1228 810 1258 et:
833 1226 990 1259 fervorem
1015 1227 1128 1266 tribue,

485 1273 621 1306 Tamdiu
645 1274 711 1305 vixi
734 1274 768 1305 in
792 1275 870 1306 meis
894 1275 1041 1307 miseriis.

434 1331 463 1361 5.
490 1325 586 1369 Ecce,
613 1333 772 1371 gravatus,
797 1339 857 1371 per
880 1334 1001 1363 reatum
1026 1332 1161 1371 saucius,

489 1376 754 1417 Computruerunt
780 1377 944 1410 cicatrices
969 1378 1108 1422 nimium,

488 1424 680 1464 Insipienter
713 1423 831 1458 defluxi
854 1426 887 1457 in
911 1426 1034 1464 laqueo.

433 1481 463 1512 6.
489 1477 609 1515 Facilis
634 1480 680 1513 fui
705 1482 801 1514 verbo
828 1484 860 1513 et
882 1482 916 1513 in
941 1490 1047 1522 opere,

490 1528 735 1561 Subministravi
758 1530 925 1570 ventrique
946 1529 1086 1570 ingluvie

488 1577 608 1608 Pocula
631 1576 766 1608 miscens
792 1579 824 1608 et
847 1577 987 1609 Falerna
1009 1577 1189 1617 plurimum.

433 1633 462 1664 ’7.
489 1628 673 1666 &audebam
697 1633 794 1665 miser
820 1633 973 1674 dignitate
997 1634 1125 1676 saeculi,

489 1679 613 1712 Oblitus
640 1689 726 1712 eram
749 1681 784 1712 in
808 1681 967 1713 mandatis
992 1681 1132 1721 Domini,

492 1726 609 1759 Cursus
635 1728 790 1760 incertum
815 1728 977 1769 rugiebam
1002 1729 1143 1763 nimium.

430 1785 461 1818 8.
487 1780 568 1824 Heu,
595 1784 672 1823 quid
697 1785 809 1826 dicam,
835 1785 936 1817 tristis
963 1794 1040 1818 cano
1067 1786 1214 1828 carmina,

487 1831 650 1872 Singultus
672 1832 800 1872 gaudet,
829 1841 938 1865 voeem
961 1834 1064 1865 nescit
1087 1834 1220 1874 seilicet,

488 1879 632 1921 peccavi,
659 1879 756 1922 Deus:
783 1880 943 1920 miserere,
970 1882 1083 1920 pietas

431 1937 462 1969 9.
488 1933 529 1970 In
554 1936 645 1968 bonis
668 1936 745 1968 mihi
770 1935 944 1969 reformare
969 1937 1103 1977 actibus,

491 1985 658 2023 Quousque
683 1984 813 2016 tandem
838 1985 906 2016 vita
929 1984 976 2016 fui
999 1985 1165 2027 reprobus,

485 2031 532 2063 Ut
554 2031 614 2063 tibi
637 2031 774 2070 psallam
797 2031 950 2064 liheratus
973 2032 1132 2065 laudibus,

411 2087 465 2120 10.
492 2084 629 2121 Kastum
655 2096 806 2120 conserva
832 2097 946 2129 corpus
971 2092 1066 2129 atque
1090 2089 1236 2129 animam,

489 2136 575 2167 Iram
599 2135 722 2175 repelle
747 2138 778 2166 et
804 2134 944 2168 furorem
968 2138 1122 2176 tempera,

488 2183 631 2225 Praesta,
658 2184 802 2226 largitor,
828 2183 906 2215 mihi
930 2184 1127 2223 patientiam.

410 2240 464 2272 11.
491 2236 593 2273 Labia
619 2242 650 2270 et
673 2241 801 2280 munda,
827 2241 913 2280 pelle
935 2241 1049 2282 procul
1071 2242 1222 2285 maculas,

490 2286 603 2319 Sobrie
627 2287 741 2330 vivam,
769 2288 889 2321 Christi
907 2289 1005 2328 jussis
1028 2297 1168 2329 paream,

491 2335 529 2368 In
555 2335 646 2368 domo
671 2334 733 2369 Dei
757 2338 793 2368 ut
816 2335 947 2369 lucerna
971 2337 1110 2371 ardeam.
