1653 2637
789 133 1023 168 ,44-

515 229 546 260 3.
572 228 655 270 Tibi,
682 228 865 268 redemptor
889 229 979 271 alme,
1005 229 1087 260 bone
1110 232 1230 270 pastor,

576 275 703 307 Gratias
728 276 788 307 tibi
812 276 932 316 agimus
957 277 1135 320 immensas,

573 323 643 355 Tua
666 332 723 355 nos
749 332 875 363 semper
901 324 1032 355 dextera
1057 331 1209 356 conserva

620 371 684 403 Per
709 374 821 402 cuncta
844 371 958 403 saecla.

328 457 436 491 Hymn.
457 464 509 482 ms.
529 455 715 491 Neapolitan.
736 463 810 483 saec.
831 453 908 490 ¹³l14.
951 454 1019 483 Cod.
1040 455 1225 491 Neapolitan-
1245 456 1288 483 VI
1309 455 1335 483 G
1354 453 1399 482 29.

590 547 634 578 68.
662 546 697 577 In
718 546 1008 579 Commemoratione
1027 547 1216 579 Animarum.

512 608 541 639 1.
568 608 654 647 ἔθευ,
681 607 726 639 fili
751 608 822 648 Dei,
849 617 906 640 rex
932 611 964 640 et
987 608 1136 640 sacerdos

569 655 743 695 Hostiaque
771 656 874 700 digna,
901 665 998 696 parce
1021 656 1206 696 redemptis,

574 704 704 734 Animas
728 705 909 744 purgandas
934 704 986 744 pie
1012 704 1186 736 consolans.

515 761 546 793 2.
574 761 713 793 Tuorum
741 761 871 800 spiritus
898 769 993 792 carne
1017 761 1136 792 solutos

571 807 642 839 Non
667 808 776 840 tradas
802 809 939 848 opprimi
962 808 1035 840 labe
1060 809 1208 848 pollutos,

572 854 633 886 Sed
660 856 826 887 mundatos
852 864 871 886 a
893 858 925 887 te
948 856 1054 887 releva
1079 865 1185 895 puros.

513 913 543 946 3.
568 912 618 943 Ne
642 912 727 944 sinas
753 913 888 952 amplius
913 913 970 945 hos
995 907 1140 952 cruciari,

571 959 632 991 Pro
658 960 770 999 quibus
796 961 901 992 anima
925 964 980 992 tua
1004 964 1129 992 sacrata

575 1006 676 1038 Cruce
699 1007 857 1039 laboravit
883 1011 979 1047 caput
1001 1008 1170 1041 inclinans.

512 1064 543 1095 4.
570 1063 730 1102 Expansis
754 1063 898 1095 manibus
923 1062 1001 1095 flens
1027 1067 1059 1095 et
1081 1064 1251 1096 lacrimans

572 1110 715 1150 Voceque
738 1111 847 1143 valida
873 1112 1010 1143 clamans
1032 1111 1152 1151 rogasti

570 1158 695 1191 Patrem
720 1167 779 1197 pro
804 1159 975 1201 salvandis,
1002 1159 1090 1190 solve
1115 1160 1266 1199 captivos

511 1217 541 1247 5.
567 1214 618 1246 Da
642 1216 686 1246 eis
712 1216 826 1255 quietis
851 1216 920 1247 loca
945 1215 1039 1248 beata

570 1262 647 1294 Cum
672 1263 789 1294 sanctis
815 1263 959 1295 omnibus
984 1272 1079 1303 regno
1106 1264 1245 1305 coelesti,

568 1309 621 1341 Ad
645 1310 728 1349 quod
753 1313 828 1341 sunt
852 1311 949 1341 creati
974 1314 1005 1341 et
1029 1311 1174 1344 recreati.

513 1368 542 1399 6.
568 1368 710 1398 Aeterna
734 1367 835 1407 gloria
861 1367 922 1399 cito
948 1368 1069 1407 recepti

567 1414 738 1445 Exsultent
762 1415 875 1446 amodo
901 1418 932 1446 te
959 1415 1184 1457 collaudantes,

568 1461 614 1493 Te
641 1460 853 1502 glorificantes
879 1464 973 1502 atque
999 1463 1156 1495 dicentes:

512 1520 542 1550 7.
565 1519 650 1550 Laus
675 1518 742 1561 tibi,
770 1519 907 1557 trinitas,
934 1520 1002 1550 laus
1028 1523 1060 1550 et
1082 1522 1233 1561 potestas,

567 1565 613 1597 Te
636 1566 769 1598 laudant
792 1567 914 1605 pariter
938 1567 1039 1598 sancti
1064 1567 1239 1607 gaudenter

567 1612 642 1644 Sine
665 1612 728 1645 fine
751 1614 827 1644 laeti
851 1616 954 1645 tecum
980 1617 1130 1648 amantes,

322 1679 430 1714 Hymn.
459 1686 512 1704 ms.
540 1678 709 1713 Campensis
734 1679 803 1705 anni
834 1676 915 1706 1462.
962 1679 1030 1706 Cod.
1058 1679 1271 1707 Darmstaslien.
1299 1677 1364 1707 521.
1391 1696 1428 1700 —
1457 1681 1553 1717 „Nota

247 1717 338 1743 sicut:
358 1717 471 1751 Martyr
491 1713 631 1752 egregie.“

699 1799 744 1831 (59.
775 1799 884 1831 Lessns
905 1799 1105 1831 Poenitcntis.

248 1861 279 1893 1.
306 1860 403 1900 Deus,
429 1859 514 1891 orbis
538 1864 714 1902 reparator,
929 1863 957 1894 4.
985 1861 1053 1893 Nisi
1079 1870 1115 1893 tu
1140 1862 1276 1894 clemens
1300 1872 1441 1895 mearum

351 1909 406 1939 lux
431 1911 578 1939 aeternae
602 1908 731 1948 gloriae,
1032 1910 1233 1942 lacrimarum
1261 1911 1381 1943 rivulos

305 1955 397 1995 Mihi,
430 1964 555 1996 quaeso,
582 1956 756 1995 poenitenti
985 1957 1053 1996 Ope
1078 1960 1151 1989 tuae
1174 1958 1301 1997 pietatis

352 2002 471 2042 praebe
495 2003 565 2042 pius
590 2003 722 2034 veniam.
1034 2004 1172 2044 digneris
1197 2006 1366 2045 respicere.

249 2062 279 2092 2.
308 2060 353 2093 Ut
379 2059 543 2091 commissa
569 2059 765 2099 delitescant,
928 2064 957 2094 5.
984 2061 1030 2093 Ut
1054 2061 1162 2094 ablata
1187 2062 1335 2094 vitiorum

355 2106 505 2138 facinoris
531 2106 682 2149 cumulus,
1032 2109 1126 2140 sorde
1151 2118 1230 2150 puro
1256 2114 1385 2149 pectore

306 2154 443 2193 Quorum
466 2154 556 2193 gravi
579 2154 662 2185 mole
685 2162 779 2194 cogor
985 2156 1058 2187 Tibi
1083 2157 1151 2196 regi
1175 2158 1368 2197 sempiterno

354 2201 475 2234 anxiari
502 2201 626 2240 spiritu.
1032 2207 1137 2244 grates
1165 2213 1277 2244 queam
1301 2206 1434 2238 solvere.

247 2260 277 2293 3.
303 2259 365 2299 En,
391 2258 431 2291 ad
455 2258 552 2289 rutila
575 2258 718 2298 polorum
928 2262 958 2293 6.
984 2260 1070 2300 Ergo
1096 2261 1166 2300 pius
1192 2262 1344 2295 obstinati

352 2316 414 2338 non
439 2314 507 2336 surn
534 2306 646 2346 dignus
671 2307 778 2339 sidera
1033 2309 1182 2341 duritiam
1208 2311 1324 2342 corculi

304 2353 452 2387 Infelices
477 2362 534 2393 pro
562 2354 686 2385 delictis
983 2355 1027 2387 Et
1050 2357 1199 2389 mollesce
1224 2362 1254 2389 et
1279 2367 1456 2391 moerorem

352 2402 518 2435 sublevare
542 2402 658 2435 oculos.
1030 2413 1101 2436 sere
1125 2405 1342 2438 medicamine.
