1653 2637
704 144 960 180 -175—

391 243 421 276 3,
448 241 568 283 Perpes
592 251 711 282 sponsa
736 242 854 276 Christi
878 243 982 285 huius,
1007 244 1123 278 exaudi

450 288 580 321 Pondus
606 299 684 330 quos
709 290 835 332 proprii
859 292 978 331 premit
1004 292 1123 332 delicti,

448 335 527 377 Fae,
553 340 590 369 ut
614 338 678 370 sint
703 339 799 372 soluti
823 339 1019 380 laudentque
1044 341 1214 380 redempti.

389 405 421 437 4.
449 403 499 436 Sit
526 404 596 437 laus
620 405 688 438 Deo
714 406 811 447 patri,
835 407 937 445 patris
964 410 996 439 et
1018 408 1104 448 proli

451 451 631 493 Sancteque
656 454 794 497 spiritui,
823 462 953 494 compar
976 455 1009 486 in
1035 455 1120 487 omni

451 500 615 532 Potestate
640 501 702 533 Dei
732 511 791 542 per
815 503 961 542 tempora
983 503 1091 537 saecli.

252 582 362 618 Hymn.
383 592 436 612 ms.
457 582 660 622 sangallensis
680 594 756 614 saec.
780 583 825 612 12.
865 585 933 614 Cod.
957 585 1124 624 Sangallen.
1149 585 1192 615 18.

619 734 686 766 295.
716 735 760 766 De
780 736 887 767 sancto
907 736 1055 769 Findano.

441 812 471 846 1.
499 813 554 845 Sol
578 814 634 845 ille
659 823 763 855 verus,
796 816 850 855 qui
874 816 961 849 Deus
983 819 1088 850 omnia

501 861 687 894 circumdat
715 866 810 903 atque
834 864 866 895 vi
888 867 1037 904 penetrat
1061 875 1119 898 sua

500 909 552 941 Ad
582 919 683 949 usque
707 910 801 943 finem
828 912 953 944 occidui
977 914 1085 953 maris,

502 956 668 989 Laudetur
691 966 792 999 usque
816 959 954 991 aetheris
979 961 1101 996 ultima.

441 1023 473 1054 2.
496 1023 563 1062 Quo
590 1024 817 1063 comprimente
842 1033 937 1057 saeva
961 1027 1105 1065 pericula

499 1070 601 1102 Actus
626 1080 685 1110 per
709 1071 797 1104 orbis
822 1072 982 1112 quaelibet
1007 1074 1088 1118 avia,

498 1117 655 1159 Findane‚
680 1122 806 1151 nostros
833 1119 957 1152 advena
981 1122 1133 1154 terminos

499 1165 644 1198 Tandem
666 1167 781 1199 subisti
806 1167 867 1198 hoc
893 1168 973 1200 duce
997 1170 1139 1209 praevio,

439 1233 470 1264 3.
497 1232 547 1263 Tu
569 1234 692 1272 praeda
716 1233 866 1266 monstris
891 1233 996 1267 faetus
1020 1235 1176 1276 aquaticis

501 1279 603 1312 Jonae
626 1281 766 1313 videntis
790 1290 878 1313 more
899 1283 1097 1324 prophetico,

506 1328 598 1359 Vitae
622 1328 765 1361 levamen
791 1328 867 1360 inde
891 1338 1068 1371 receperas,

499 1375 680 1407 Discrimen
705 1377 791 1408 unde
818 1377 950 1408 eredere
973 1381 1111 1417 poteras.

439 1441 472 1475 4.
498 1441 546 1473 Te
570 1441 781 1474 barbarorum
799 1442 897 1475 turba
920 1443 1057 1482 piratica

499 1489 594 1521 Pacis
619 1488 776 1521 ferentem
800 1492 909 1522 mutua
932 1491 1054 1529 nunt-ia,

499 1537 539 1569 In
564 1537 749 1569 servitutem
776 1537 912 1569 detinuit
935 1539 1018 1579 dolo,

498 1584 601 1618 Judas
624 1586 662 1616 ut
685 1585 796 1617 herum
820 1585 959 1617 tradidit
982 1587 1100 1621 osculo.

441 1651 471 1684 5.
499 1651 594 1683 Orbis
619 1652 805 1691 redemptor
829 1654 861 1682 te
889 1652 979 1684 dedit
1003 1652 1147 1685 obsidem

496 1699 560 1731 Pro
585 1699 763 1731 liberandis
787 1707 872 1730 nune
897 1700 1008 1732 ovibus
1030 1701 1106 1739 suis,

497 1746 557 1785 Qui
581 1755 641 1786 pro
666 1747 770 1779 salute
793 1749 936 1779 mortuus
961 1748 1100 1780 omnium

497 1793 559 1826 Suo
585 1797 720 1834 parente
744 1803 779 1826 se
803 1795 901 1826 semel
928 1795 1053 1828 obtulit.

440 1861 471 1894 6.
496 1861 584 1901 Ergo
611 1861 653 1892 sit
676 1861 731 1893 uni
755 1861 825 1893 laus
852 1864 884 1892 et
908 1861 1008 1893 honor
1033 1861 1112 1903 Deo,

496 1909 578 1949 Regi
600 1909 756 1952 polorum,
781 1911 938 1950 perpetuo
963 1910 1061 1951 patri,

498 1956 557 1989 Oui
583 1965 713 1997 compar
738 1958 845 1989 exstat
868 1955 953 1989 filius
978 1958 1090 1991 unicus

494 2004 537 2037 Et
566 2013 704 2045 pneuma
728 2013 855 2038 sacrum
878 2006 984 2037 saecla
1008 2014 1067 2046 per
1092 2005 1205 2038 omnia.

244 2101 355 2136 Hymn.
382 2110 436 2129 ms.
459 2088 704 2136 Campidfinensis
724 2099 759 2136 (P)
779 2108 854 2127 saee.
878 2098 923 2127 11.
944 2101 984 2128 in.
1027 2100 1096 2128 Cod.
1116 2101 1253 2128 Turicen.
1274 2100 1405 2129 Rhenov.
1427 2101 1492 2129 add.

166 2147 243 2168 saec.
267 2137 310 2167 12.
334 2137 380 2168 83.
395 2140 429 2167 A.
452 2153 488 2158 -—
504 2140 592 2167 Brev-
614 2148 666 2167 ms.
681 2140 881 2167 Monasticum
896 2138 1043 2167 Gallicum
1063 2147 1139 2167 saec.
1163 2136 1236 2166 ³²¹13.
1271 2139 1341 2167 Cod.
1356 2141 1493 2168 Tui-icen.

166 2179 299 2207 Rhenov.
330 2176 394 2206 110.
423 2177 488 2206 add.
517 2186 593 2206 saee-
618 2176 661 2206 15.
685 2179 716 2206 Β.
738 2193 775 2197 -
795 2177 881 2205 Psalt
899 2186 952 2205 ms.
974 2178 1183 2206 Rhenoviense
1203 2179 1273 2205 anni
1296 2176 1378 2206 1495.
1422 2177 1491 2207 Cod.

164 2218 301 2245 Turieen.
321 2217 454 2246 Rhenov.
476 2214 522 2243 21.
545 2216 576 2245 C.
597 2232 635 2236 -
657 2217 740 2245 Brev.
761 2224 814 2244 ms.
834 2216 1042 2244 Rhenoviense
1062 2224 1137 2244 saec.
1161 2214 1205 2244 15.
1242 2216 1311 2244 Cori.
1332 2217 1491 2245 Eremiten.

164 2253 231 2284 761.
262 2256 299 2284 D.
328 2271 365 2276 —
396 2256 483 2283 Brev.
509 2264 561 2283 ms.
588 2255 797 2283 Rhenoviense
822 2263 898 2282 saec.
925 2252 968 2282 15.
1017 2255 1087 2283 Cod.
1113 2255 1273 2283 Eremiten.
1302 2253 1366 2283 762.
1391 2256 1427 2284 Ε.
1456 2269 1491 2274 ——-

165 2295 252 2322 Brev.
272 2302 326 2321 ms.
348 2293 572 2322 Benedictinum
594 2302 671 2321 saec.
694 2292 738 2322 15.
773 2292 843 2320 God.
864 2292 1026 2321 Eremiten.
1048 2291 1094 2321 84.
1115 2293 1147 2322 F.
1169 2308 1205 2312 -
1227 2294 1311 2321 Brev.
1333 2303 1383 2322 ms.
1401 2295 1494 2322 Bene-

165 2332 309 2359 dictinum
330 2341 405 2360 saec.
430 2329 473 2360 15.
509 2331 579 2359 Ood.
600 2332 760 2360 Eremiten.
782 2328 847 2358 758.
865 2331 899 2359 G.
936 2345 956 2349 --
979 2329 1003 2365 1,
1027 2329 1041 2358 1
1065 2340 1122 2367 quo
1140 2332 1220 2360 Deus
1238 2333 1268 2360 Β.
1290 2348 1327 2352 —
1347 2331 1373 2367 2,
1398 2331 1412 2360 1
1430 2334 1493 2367 Quo

165 2372 316 2407 premente
328 2371 366 2406 B3
388 2379 443 2399 sua
462 2370 596 2406 pericula
608 2370 640 2399 F.
663 2385 700 2389 —
722 2369 747 2405 2,
769 2367 787 2397 2
808 2377 827 2396 a
845 2370 903 2396 via.
918 2369 942 2396 B
963 2385 1001 2389 —
1020 2368 1047 2402 4,
1072 2369 1090 2397 2
1110 2369 1251 2398 ferentem
1271 2380 1394 2399 munera
1406 2372 1439 2399 B.
1458 2385 1492 2389 —

165 2407 192 2443 5,
215 2406 230 2436 1
254 2409 342 2437 Urbis
365 2410 397 2436 B.
420 2422 455 2428 -—
477 2407 506 2443 6,
530 2407 545 2435 1
565 2409 660 2436 honor
681 2410 744 2446 regi
763 2408 798 2436 B.
820 2421 857 2425 —
878 2405 912 2441 6,
934 2405 952 2434 2
971 2408 1048 2444 Regi
1072 2409 1249 2446 populorum
1273 2409 1306 2443 A⁷
1327 2410 1391 2438 Deo
1411 2411 1493 2449 polo-

163 2456 228 2475 rum
250 2448 284 2476 Β.
304 2461 341 2466 -
361 2446 425 2476 Aus
445 2446 470 2474 A
494 2447 543 2475 bei
561 2448 695 2482 Werner,
715 2448 735 2475 1.
756 2456 780 2475 e.
801 2446 853 2475 Nr.
876 2445 1037 2475 CLXXIV.
