1653 2637
193 236 224 267 3.
250 233 366 273 Maria,
391 233 493 264 mater
516 231 647 272 gratiae,
871 231 903 262 4.
928 228 991 260 Per
1014 228 1114 264 tuum,
1140 226 1237 265 virgo,
1263 223 1372 266 filium,

250 280 357 313 Mater
380 279 627 319 misericordiae,
929 275 993 307 Per
1017 275 1140 313 patrem
1165 276 1196 304 et
1220 272 1409 312 paraclitum

250 328 300 360 Tu
323 337 381 361 nos
405 326 444 359 ab
467 327 559 358 hoste
578 328 709 366 protege
930 321 1029 354 Adsis
1052 320 1144 352 nobis
1169 321 1211 352 ad
1236 318 1355 351 obitum

252 376 298 408 Et
321 376 400 407 hora
424 374 535 406 mortis
561 373 694 413 suscipe.
933 390 1413 402 .........

272 440 342 468 cim.
361 441 514 468 Monacen.
534 437 582 470 (ol.
602 438 827 471 Emmeramen.)
847 432 954 463 14926.
973 442 1049 461 saec.
1072 431 1117 461 15.

634 555 689 587 121.
720 555 762 586 De
782 555 876 586 beata
895 553 995 585 Maria
1013 553 1049 584 V.

743 623 778 652 In
799 621 938 652 Sabbato.

194 696 224 728 1.
251 694 365 734 Maria,
393 693 473 725 coeli
496 692 594 732 regia,
873 693 903 724 3.
930 691 1101 732 Memento,
1128 689 1239 721 salutis
1266 690 1385 731 auctor,

251 742 306 774 Ad
329 744 362 772 te
387 742 559 772 clamantes
585 739 710 778 adjuva,
930 738 1041 770 Nostri
1065 737 1149 777 quod
1174 737 1250 768 oh'm
1276 735 1419 775 corporis

251 789 338 822 Audi
362 796 474 829 preces
497 787 683 818 miserorum
928 786 979 818 Ex
1004 785 1130 817 illibata
1153 785 1277 825 virgine

248 836 293 868 Et
320 836 492 876 deprecare
515 834 693 866 Dominum.
928 833 1098 865 Nascendo
1123 831 1258 864 formam
1284 830 1468 870 sumpseriS.

192 895 224 927 2.
253 893 313 932 Qui
337 902 356 924 a
379 895 412 923 te
435 891 523 923 nasci
548 891 646 922 voluit
869 892 902 923 4.
926 890 1042 931 Maria,
1067 891 1169 921 mater
1193 889 1324 929 gratiae,

248 940 294 972 Et
316 949 373 971 nos
398 949 417 971 a
438 941 541 970 morte
566 938 657 973 eruit.
928 938 1035 969 Mater
1059 936 1307 975 misericordiae,

246 988 309 1020 Pro
333 987 425 1018 nobis
449 987 520 1025 ipsc
542 988 695 1026 mortuus.
927 985 976 1017 Tu
1010 994 1068 1016 nos
1093 984 1132 1015 ab
1158 984 1249 1015 hoste
1270 986 1404 1023 protege

247 1035 292 1066 Et
313 1043 370 1066 nos
394 1042 454 1074 per
476 1034 579 1072 ipsum
605 1033 750 1065 vivimus.
927 1032 972 1064 Et
995 1032 1074 1063 hora
1097 1031 1208 1062 mortis
1233 1031 1370 1070 suscipe.

608 1091 640 1122 5.
667 1088 777 1120 Gloria.
800 1088 868 1128 tibi,
896 1088 1041 1120 Domine.

275 1156 345 1184 Clm.
364 1156 516 1183 Monacen.
535 1153 584 1185 (ol.
603 1153 827 1183 Emmeramen.)
848 1151 955 1181 14926.
976 1162 1051 1181 saec.
1074 1151 1118 1180 15.

628 1274 688 1306 122.
718 1275 759 1306 De
783 1275 878 1306 beata
896 1274 997 1306 Maria
1016 1275 1051 1306 V.

746 1343 781 1372 In
801 1343 940 1374 Sabbato.

195 1414 224 1447 1.
252 1414 373 1456 Gaude,
398 1412 502 1453 prima
523 1413 719 1444 laetantium.
872 1414 904 1446 4.
930 1412 982 1444 Da
1005 1413 1121 1444 laetam
1147 1412 1344 1452 patientiam,

249 1461 414 1493 Primitiae
438 1460 651 1502 gaudentium,
931 1460 981 1492 Da
1006 1463 1128 1500 gratam
1153 1460 1387 1491 verecundiam.

252 1509 335 1548 Quae
361 1507 491 1540 edidisti
515 1507 658 1538 omnibus
932 1507 984 1539 Da
1006 1507 1138 1547 spiritus
1162 1507 1361 1549 modestiam,

248 1556 474 1588 Desideratum
498 1555 655 1594 gentibus,
930 1554 982 1586 Da
1005 1564 1118 1594 puram
1145 1554 1379 1586 conscientiam.

192 1614 224 1644 2.
250 1612 301 1644 Da
326 1620 418 1644 mane
442 1611 510 1641 sine
534 1620 678 1653 vespera,
874 1614 905 1645 5.
931 1612 1022 1643 Bona
1045 1616 1157 1651 mater,
1184 1611 1266 1642 bone
1289 1611 1347 1645 fili,

252 1660 306 1692 Da
330 1660 427 1691 corda
450 1658 543 1689 nobis
567 1659 679 1699 libera,
933 1659 1038 1691 Laudi
1061 1661 1188 1690 vestrae
1211 1659 1342 1690 amabiii

255 1707 305 1739 Da
329 1707 452 1747 primae
476 1707 564 1746 pacis
587 1715 751 1748 prospera,
933 1707 1033 1738 Totus
1058 1707 1193 1738 mundus
1219 1706 1349 1738 obediat

254 1755 306 1786 Da
329 1753 459 1786 unitatis
484 1752 624 1786 foedera.
933 1754 978 1786 Et
1003 1763 1072 1785 cum
1098 1762 1204 1785 amore
1227 1754 1356 1788 serviat,

198 1813 230 1844 3.
253 1812 305 1843 Da
332 1810 509 1843 sanctitatis
534 1819 674 1851 munera,
878 1813 909 1846 6.
933 1811 1049 1854 Maria,
1075 1814 1178 1843 mater
1201 1812 1334 1851 gratiae,

252 1859 304 1891 Da
327 1858 501 1891 honestatis
526 1867 633 1897 opera,
939 1859 1046 1891 Mater
1069 1859 1318 1896 misericordiae,

254 1907 306 1938 Da
328 1905 406 1938 fidei
432 1906 639 1937 constantiam
939 1906 987 1938 Tu
1011 1916 1070 1938 nos
1094 1907 1134 1938 ab
1160 1907 1250 1938 hoste
1273 1909 1406 1946 protege

255 1954 307 1985 Da
328 1962 435 1986 veram
458 1953 655 1992 sapientiam.
939 1954 985 1986 Et
1007 1954 1087 1986 hora
1110 1954 1221 1986 mortis
1246 1953 1381 1993 suscipe.

594 2011 624 2041 7.
654 2010 765 2042 Gloria
788 2010 858 2049 tibi,
889 2010 1034 2043 Domine.

281 2073 351 2101 C‘hn.
371 2075 524 2101 Monacen.
544 2074 593 2104 (ol.
613 2075 835 2108 Emmeramen.)
856 2072 961 2102 14926.
978 2083 1054 2102 saec.
1076 2073 1120 2102 15.

629 2194 690 2226 123.
721 2195 764 2227 De
786 2194 928 2227 Omnibus
948 2195 1080 2226 Sanctis.

202 2266 233 2298 1.
261 2265 359 2303 Deus,
386 2264 510 2304 piorum
532 2264 693 2304 gaudium.
886 2267 919 2298 2.
944 2265 1035 2297 Haec
1058 2264 1140 2298 festa
1164 2266 1256 2298 nobis
1281 2275 1474 2307 prosperans

263 2313 354 2353 Spes,
378 2312 446 2344 vita
461 2320 500 2342 ac
516 2312 626 2354 virtus,
644 2313 828 2352 praemium.
945 2313 1062 2345 Dieata
1085 2313 1204 2345 sanctis
1229 2315 1384 2355 omnibus,

263 2360 393 2393 Laudes
420 2359 481 2390 tibi
507 2360 690 2392 canentibus
949 2361 1009 2399 Qui
1035 2361 1130 2393 dante
1153 2365 1185 2393 te
1212 2363 1400 2394 coelestibus

270 2408 415 2441 Clemens
441 2408 551 2440 adesto
576 2409 720 2441 servulis,
949 2409 1022 2442 Jam
1045 2408 1253 2449 perfruuntur
1276 2411 1415 2446 sedibus,
