1653 2637
705 129 936 164 ,23-

174 226 205 258 3.
233 225 304 257 Non
332 225 433 256 vietus
458 224 651 257 abstinentia
857 227 887 259 5.
914 226 1106 258 Fraternum
1131 227 1249 257 nostris
1276 225 1423 257 cordibus

233 272 340 304 Solum
367 273 505 304 delectat
526 273 677 315 judicem,
914 272 1094 306 1nflammet
1117 274 1221 314 ignem
1246 274 1385 316 spiritus,

232 320 266 352 Si
290 321 416 352 vinctus
441 320 524 352 liber
548 321 705 361 redditur,
917 321 1001 353 Vera
1024 322 1103 361 legis
1127 322 1270 361 impletio

230 367 283 399 Sic
309 370 480 400 commotus
504 369 693 408 placabitur.
917 369 976 401 Est
1001 369 1137 409 proximi
1164 369 1301 401 dileetio.

174 437 205 467 4.
235 434 325 474 Quod
350 434 523 466 abstinenti
548 438 686 475 superat,
861 437 893 470 6.
919 437 1087 468 Praestent
1110 438 1202 475 pater
1225 435 1393 475 ingenitus,

231 482 364 523 Egentis
389 491 500 514 manus
526 483 641 523 capiat,
916 483 1018 515 Natus
1045 483 1084 515 de
1105 486 1198 523 patre
1221 482 1314 519 filius,

231 529 373 572 Largum
395 531 537 562 datorem
563 531 695 570 respicit
916 532 1052 571 Utrique
1077 540 1204 570 compar
1224 531 1354 570 spiritus

234 578 379 611 Summus
406 578 498 610 dator
524 581 556 609 et
581 578 693 618 diligit.
917 578 1043 610 Nostris
1066 579 1227 610 obtentum
1252 577 1409 617 precibus.

249 642 318 670 Cod.
340 642 506 678 Sangallen.
527 640 584 670 433
604 651 679 669 saec.
702 641 775 670 ¹¹l12.

530 744 576 775 25.
610 743 776 775 Dominicis
799 744 831 776 in
854 744 1107 784 quadragesima.

716 812 764 841 Ad
783 812 939 849 vesperas.

403 880 433 913 1.
462 880 598 919 Christe,
624 882 679 913 lux
705 890 790 921 vera,
816 882 940 913 bonitas
967 884 998 912 et
1023 882 1099 919 vita,

460 928 619 960 Gaudium
641 929 760 968 mundi,
787 930 892 969 pietas
916 930 1079 968 immensa,

459 976 518 1015 Qui
543 985 600 1008 nos
626 985 645 1007 a
669 978 770 1008 morte
795 985 885 1008 roseo
911 976 1040 1008 salvasti

507 1023 666 1064 Sanguine
690 1026 754 1056 tuo.

405 1081 436 1114 2.
462 1080 572 1112 Insere
596 1083 694 1124 tuum,
720 1081 866 1120 petimus,
889 1089 1028 1112 amorem

458 1127 621 1160 Mentibus
646 1128 774 1169 nostris,
798 1127 875 1159 fidei
899 1127 1034 1159 refunde

459 1174 580 1206 Lumen
606 1178 778 1214 aeternum,
806 1176 948 1207 caritatis
970 1184 1049 1215 auge

507 1222 728 1255 Dilectionem.

398 1281 429 1313 3.
456 1279 504 1311 Tu
529 1279 622 1310 nobis
649 1279 732 1311 dona
756 1277 875 1310 fontem
900 1279 1113 1314 lacrimarum.

459 1326 655 1366 Jejuniorum
682 1325 780 1358 fortia
803 1327 959 1365 ministra,

456 1375 543 1407 Vitia
568 1375 673 1405 carnis
698 1374 787 1405 milia
810 1374 946 1405 retunde

500 1422 639 1454 Framea
663 1424 728 1453 tua.

400 1481 433 1512 4.
459 1479 576 1511 Procul
601 1488 621 1511 a
645 1479 737 1510 nobis
762 1477 905 1518 perfidus
929 1478 1065 1509 absistat

456 1526 564 1566 Satan,
591 1536 610 1558 a
631 1527 694 1557 tuis
717 1526 838 1557 viribus
865 1524 1055 1565 confractus,

458 1575 593 1607 Sanctus
618 1574 755 1609 adsistat
779 1571 910 1614 spiritus
936 1582 955 1605 a
979 1576 1034 1605 tua

509 1622 592 1654 Sede
619 1622 777 1655 dimissus,

400 1682 430 1713 5.
459 1679 570 1712 Gloria
595 1679 663 1712 Deo
689 1680 732 1710 sit
756 1681 885 1710 aeterno
910 1678 1006 1719 patri,

456 1727 503 1760 Sit
528 1728 588 1759 tibi
613 1736 750 1767 semper,
777 1726 929 1767 genitoris
955 1729 1039 1760 nate.

459 1775 535 1807 Cum
561 1784 621 1815 quo
648 1774 788 1815 aequalis
814 1774 945 1813 spiritus
970 1782 1030 1813 per
1060 1781 1173 1805 „uncta

506 1822 640 1854 Saecula
664 1825 786 1862 regnat.

244 1895 328 1923 Brev.
350 1903 404 1922 ms.
426 1894 559 1921 Cavense
578 1893 653 1921 XIH
672 1894 712 1920 in.
753 1892 821 1920 eod.
843 1891 949 1919 Caveri.
969 1889 1016 1917 27.

639 1995 685 2027 26.
717 1996 761 2027 De
780 1995 928 2027 Passione
947 1994 1004 2025 DN.

715 2064 763 2094 Ad
783 2064 938 2102 Vesperas.

341 2137 370 2170 1.
398 2136 458 2177 Da,
484 2139 578 2176 pater
603 2135 810 2175 omnipotens,
839 2134 890 2175 da,
918 2134 998 2166 coeli
1021 2134 1158 2165 maxime
1182 2135 1297 2175 rector,

452 2185 499 2218 Ut
522 2184 625 2224 prosit
649 2183 716 2215 nati
740 2182 847 2223 passio
873 2185 984 2214 saneta
1007 2182 1064 2214 tui.

340 2255 370 2287 2.
397 2252 486 2285 Utile
511 2252 554 2283 sit
579 2251 739 2285 Christum
764 2259 823 2291 pro
848 2249 940 2282 nobis
965 2251 1054 2281 tanta
1080 2249 1192 2281 tulisse

443 2301 711 2340 Horrendumque
736 2308 834 2340 genus
859 2298 1047 2330 sustinuisse
1072 2298 1168 2331 neeiS.

339 2370 370 2402 3.
399 2368 456 2402 Cui
481 2377 557 2410 gens
582 2368 739 2408 sacrilega
762 2375 882 2407 poenas
907 2364 1029 2397 inferre
1052 2363 1209 2397 nefandas

441 2417 567 2450 Insonti
592 2426 669 2449 ausa
692 2416 764 2456 fuit,
792 2414 928 2446 verbera
952 2423 1048 2446 saeva
1074 2414 1160 2445 dare.
