<?xml version="1.0" encoding="UTF-8"?>
<!DOCTYPE html PUBLIC "-//W3C//DTD XHTML 1.0 Transitional//EN"
    "http://www.w3.org/TR/xhtml1/DTD/xhtml1-transitional.dtd">
<html xmlns="http://www.w3.org/1999/xhtml" xml:lang="en" lang="en">
 <head>
  <title>
</title>
<meta http-equiv="Content-Type" content="text/html;charset=utf-8" />
  <meta name='ocr-system' content='tesseract 3.04.00' />
  <meta name='ocr-capabilities' content='ocr_page ocr_carea ocr_par ocr_line ocrx_word'/>
</head>
<body>
  <div class='ocr_page' id='page_1' title='image "./analectahymnica23drevuoft_00252.png"; bbox 0 0 1653 2637; ppageno 0'>
   <div class='ocr_carea' id='block_1_1' title="bbox 715 129 976 166">
    <p class='ocr_par' dir='ltr' id='par_1_1' title="bbox 715 129 976 166">
     <span class='ocr_line' id='line_1_1' title="bbox 715 129 976 166; baseline 0 -1"><span class='ocrx_word' id='word_1_1' title='bbox 715 129 976 166; x_wconf 78' lang='lat'>—249—-</span> 
     </span>
    </p>
   </div>
   <div class='ocr_carea' id='block_1_2' title="bbox 191 225 1346 268">
    <p class='ocr_par' dir='ltr' id='par_1_2' title="bbox 191 225 1346 268">
     <span class='ocr_line' id='line_1_2' title="bbox 191 225 1346 268; baseline 0.002 -12"><span class='ocrx_word' id='word_1_2' title='bbox 191 225 223 257; x_wconf 83' lang='lat'>7.</span> <span class='ocrx_word' id='word_1_3' title='bbox 250 225 315 258; x_wconf 86' lang='lat' dir='ltr'>Sed</span> <span class='ocrx_word' id='word_1_4' title='bbox 341 235 380 259; x_wconf 89' lang='lat' dir='ltr'>ex</span> <span class='ocrx_word' id='word_1_5' title='bbox 407 226 475 266; x_wconf 87' lang='lat' dir='ltr'>ejus</span> <span class='ocrx_word' id='word_1_6' title='bbox 498 226 609 259; x_wconf 88' lang='lat' dir='ltr'>tumba</span> <span class='ocrx_word' id='word_1_7' title='bbox 631 230 739 259; x_wconf 83' lang='lat' dir='ltr'>manat</span> <span class='ocrx_word' id='word_1_8' title='bbox 875 228 905 260; x_wconf 90' lang='lat'>8.</span> <span class='ocrx_word' id='word_1_9' title='bbox 934 227 1026 260; x_wconf 82' lang='lat' dir='ltr'>Salus</span> <span class='ocrx_word' id='word_1_10' title='bbox 1053 235 1127 268; x_wconf 86' lang='lat' dir='ltr'>ergo</span> <span class='ocrx_word' id='word_1_11' title='bbox 1152 227 1194 259; x_wconf 90' lang='lat' dir='ltr'>sit</span> <span class='ocrx_word' id='word_1_12' title='bbox 1218 227 1346 268; x_wconf 87' lang='lat' dir='ltr'>parenti</span> 
     </span>
    </p>
   </div>
   <div class='ocr_carea' id='block_1_3' title="bbox 243 273 1362 505">
    <p class='ocr_par' dir='ltr' id='par_1_3' title="bbox 243 273 1362 412">
     <span class='ocr_line' id='line_1_3' title="bbox 292 273 1324 315; baseline 0.001 -10"><span class='ocrx_word' id='word_1_13' title='bbox 292 273 424 314; x_wconf 82' lang='lat' dir='ltr'>Pinguis</span> <span class='ocrx_word' id='word_1_14' title='bbox 451 275 531 307; x_wconf 89' lang='lat' dir='ltr'>coeli</span> <span class='ocrx_word' id='word_1_15' title='bbox 556 275 683 307; x_wconf 87' lang='lat' dir='ltr'>roribus</span> <span class='ocrx_word' id='word_1_16' title='bbox 980 275 1023 308; x_wconf 87' lang='lat' dir='ltr'>Et</span> <span class='ocrx_word' id='word_1_17' title='bbox 1047 278 1122 307; x_wconf 90' lang='lat' dir='ltr'>nato</span> <span class='ocrx_word' id='word_1_18' title='bbox 1148 275 1324 315; x_wconf 86' lang='lat' dir='ltr'>aequaliter</span> 
     </span>
     <span class='ocr_line' id='line_1_4' title="bbox 243 320 1362 363; baseline 0.002 -11"><span class='ocrx_word' id='word_1_19' title='bbox 243 320 366 361; x_wconf 82' lang='lat' dir='ltr'>Liquor</span> <span class='ocrx_word' id='word_1_20' title='bbox 391 324 425 353; x_wconf 89' lang='lat' dir='ltr'>et</span> <span class='ocrx_word' id='word_1_21' title='bbox 446 321 590 355; x_wconf 88' lang='lat' dir='ltr'>infirmos</span> <span class='ocrx_word' id='word_1_22' title='bbox 616 325 710 355; x_wconf 87' lang='lat' dir='ltr'>sanat</span> <span class='ocrx_word' id='word_1_23' title='bbox 932 323 1161 363; x_wconf 88' lang='lat' dir='ltr'>Pneumatique</span> <span class='ocrx_word' id='word_1_24' title='bbox 1186 322 1362 355; x_wconf 88' lang='lat' dir='ltr'>continenti</span> 
     </span>
     <span class='ocr_line' id='line_1_5' title="bbox 292 369 1278 412; baseline 0.002 -12"><span class='ocrx_word' id='word_1_25' title='bbox 292 369 322 400; x_wconf 90' lang='lat' dir='ltr'>A</span> <span class='ocrx_word' id='word_1_26' title='bbox 349 370 470 401; x_wconf 90' lang='lat' dir='ltr'>cunctis</span> <span class='ocrx_word' id='word_1_27' title='bbox 495 370 713 411; x_wconf 82' lang='lat' dir='ltr'>languoribuS,</span> <span class='ocrx_word' id='word_1_28' title='bbox 982 370 1071 402; x_wconf 87' lang='lat' dir='ltr'>Patri</span> <span class='ocrx_word' id='word_1_29' title='bbox 1094 369 1278 412; x_wconf 85' lang='lat' dir='ltr'>infinaliter‚</span> 
     </span>
    </p>

    <p class='ocr_par' dir='ltr' id='par_1_4' title="bbox 246 416 1360 505">
     <span class='ocr_line' id='line_1_6' title="bbox 246 416 1314 458; baseline 0.001 -11"><span class='ocrx_word' id='word_1_30' title='bbox 246 416 300 448; x_wconf 89' lang='lat' dir='ltr'>Sic</span> <span class='ocrx_word' id='word_1_31' title='bbox 324 417 449 456; x_wconf 84' lang='lat' dir='ltr'>peccati</span> <span class='ocrx_word' id='word_1_32' title='bbox 474 427 530 450; x_wconf 80' lang='lat' dir='ltr'>vas</span> <span class='ocrx_word' id='word_1_33' title='bbox 555 417 708 457; x_wconf 84' lang='lat' dir='ltr'>profanat</span> <span class='ocrx_word' id='word_1_34' title='bbox 932 417 996 450; x_wconf 89' lang='lat' dir='ltr'>Uni</span> <span class='ocrx_word' id='word_1_35' title='bbox 1021 418 1088 450; x_wconf 88' lang='lat' dir='ltr'>Deo</span> <span class='ocrx_word' id='word_1_36' title='bbox 1114 417 1314 458; x_wconf 76' lang='lat' dir='ltr'>permanenti</span> 
     </span>
     <span class='ocr_line' id='line_1_7' title="bbox 294 463 1360 505; baseline 0.001 -9"><span class='ocrx_word' id='word_1_37' title='bbox 294 463 360 496; x_wconf 90' lang='lat' dir='ltr'>Piis</span> <span class='ocrx_word' id='word_1_38' title='bbox 386 474 406 496; x_wconf 85' lang='lat' dir='ltr'>a</span> <span class='ocrx_word' id='word_1_39' title='bbox 429 465 625 505; x_wconf 82' lang='lat' dir='ltr'>pectoribus.</span> <span class='ocrx_word' id='word_1_40' title='bbox 977 465 1026 497; x_wconf 87' lang='lat' dir='ltr'>Sit</span> <span class='ocrx_word' id='word_1_41' title='bbox 1049 466 1119 498; x_wconf 80' lang='lat' dir='ltr'>laus</span> <span class='ocrx_word' id='word_1_42' title='bbox 1144 465 1360 497; x_wconf 78' lang='lat' dir='ltr'>aeternaliter.</span> 
     </span>
    </p>
   </div>
   <div class='ocr_carea' id='block_1_4' title="bbox 182 546 1501 736">
    <p class='ocr_par' dir='ltr' id='par_1_5' title="bbox 182 546 1501 736">
     <span class='ocr_line' id='line_1_8' title="bbox 261 546 1501 585; baseline -0.002 -9"><span class='ocrx_word' id='word_1_43' title='bbox 261 549 346 576; x_wconf 82' lang='lat' dir='ltr'>Brev.</span> <span class='ocrx_word' id='word_1_44' title='bbox 373 558 426 577; x_wconf 90' lang='lat' dir='ltr'>ms.</span> <span class='ocrx_word' id='word_1_45' title='bbox 448 549 477 576; x_wconf 94' lang='lat' dir='ltr'>S.</span> <span class='ocrx_word' id='word_1_46' title='bbox 499 550 659 577; x_wconf 81' lang='lat' dir='ltr'>Alexandri</span> <span class='ocrx_word' id='word_1_47' title='bbox 680 550 836 578; x_wconf 83' lang='lat' dir='ltr'>Embecen.</span> <span class='ocrx_word' id='word_1_48' title='bbox 865 558 939 577; x_wconf 86' lang='lat' dir='ltr'>saec.</span> <span class='ocrx_word' id='word_1_49' title='bbox 964 548 1006 577; x_wconf 83' lang='lat'>15.</span> <span class='ocrx_word' id='word_1_50' title='bbox 1048 548 1116 577; x_wconf 66' lang='lat'>0011.</span> <span class='ocrx_word' id='word_1_51' title='bbox 1139 549 1294 585; x_wconf 81' lang='lat' dir='ltr'>Gotingen.</span> <span class='ocrx_word' id='word_1_52' title='bbox 1322 546 1387 576; x_wconf 76' lang='lat'>239.</span> <span class='ocrx_word' id='word_1_53' title='bbox 1408 548 1443 575; x_wconf 81' lang='lat' dir='ltr'>A.</span> <span class='ocrx_word' id='word_1_54' title='bbox 1464 563 1501 567; x_wconf 89' lang='lat'>—</span> 
     </span>
     <span class='ocr_line' id='line_1_9' title="bbox 183 585 1501 616; baseline 0 -3"><span class='ocrx_word' id='word_1_55' title='bbox 183 587 269 614; x_wconf 85' lang='lat' dir='ltr'>Brev.</span> <span class='ocrx_word' id='word_1_56' title='bbox 293 595 346 614; x_wconf 78' lang='grc'>1113.</span> <span class='ocrx_word' id='word_1_57' title='bbox 365 587 602 616; x_wconf 81' lang='lat' dir='ltr'>Fredeslariense</span> <span class='ocrx_word' id='word_1_58' title='bbox 622 596 697 616; x_wconf 85' lang='lat' dir='ltr'>saec.</span> <span class='ocrx_word' id='word_1_59' title='bbox 720 587 765 615; x_wconf 81' lang='lat'>15.</span> <span class='ocrx_word' id='word_1_60' title='bbox 800 587 871 615; x_wconf 82' lang='lat' dir='ltr'>Cod.</span> <span class='ocrx_word' id='word_1_61' title='bbox 887 586 1034 615; x_wconf 69' lang='lat' dir='ltr'>Casselan.</span> <span class='ocrx_word' id='word_1_62' title='bbox 1055 587 1111 615; x_wconf 84' lang='lat' dir='ltr'>Ms.</span> <span class='ocrx_word' id='word_1_63' title='bbox 1131 587 1220 615; x_wconf 80' lang='lat' dir='ltr'>theol.</span> <span class='ocrx_word' id='word_1_64' title='bbox 1240 586 1304 614; x_wconf 78' lang='lat' dir='ltr'>Fcl.</span> <span class='ocrx_word' id='word_1_65' title='bbox 1326 585 1389 614; x_wconf 84' lang='lat'>145.</span> <span class='ocrx_word' id='word_1_66' title='bbox 1411 586 1444 613; x_wconf 89' lang='lat' dir='ltr'>B.</span> <span class='ocrx_word' id='word_1_67' title='bbox 1464 600 1501 605; x_wconf 90' lang='lat'>—</span> 
     </span>
     <span class='ocr_line' id='line_1_10' title="bbox 183 622 1501 654; baseline 0 -3"><span class='ocrx_word' id='word_1_68' title='bbox 183 624 269 653; x_wconf 85' lang='lat' dir='ltr'>Brev.</span> <span class='ocrx_word' id='word_1_69' title='bbox 297 633 351 652; x_wconf 79' lang='grc'>1113.</span> <span class='ocrx_word' id='word_1_70' title='bbox 373 625 609 654; x_wconf 80' lang='lat' dir='ltr'>Fredeslariense</span> <span class='ocrx_word' id='word_1_71' title='bbox 630 634 706 653; x_wconf 83' lang='lat' dir='ltr'>saec.</span> <span class='ocrx_word' id='word_1_72' title='bbox 729 625 772 653; x_wconf 87' lang='lat'>14.</span> <span class='ocrx_word' id='word_1_73' title='bbox 815 626 884 653; x_wconf 73' lang='lat' dir='ltr'>Cod.</span> <span class='ocrx_word' id='word_1_74' title='bbox 906 625 1055 653; x_wconf 40' lang='lat' dir='ltr'>Casselan.</span> <span class='ocrx_word' id='word_1_75' title='bbox 1076 627 1132 653; x_wconf 84' lang='lat' dir='ltr'>Ms.</span> <span class='ocrx_word' id='word_1_76' title='bbox 1152 626 1241 653; x_wconf 80' lang='lat' dir='ltr'>theol.</span> <span class='ocrx_word' id='word_1_77' title='bbox 1261 624 1325 652; x_wconf 79' lang='lat' dir='ltr'>Fol.</span> <span class='ocrx_word' id='word_1_78' title='bbox 1346 622 1391 651; x_wconf 81' lang='lat'>92.</span> <span class='ocrx_word' id='word_1_79' title='bbox 1414 623 1443 651; x_wconf 82' lang='lat' dir='ltr'>G.</span> <span class='ocrx_word' id='word_1_80' title='bbox 1464 641 1501 645; x_wconf 97' lang='lat'>—</span> 
     </span>
     <span class='ocr_line' id='line_1_11' title="bbox 183 661 1501 692; baseline -0.001 -2"><span class='ocrx_word' id='word_1_81' title='bbox 183 663 268 691; x_wconf 80' lang='lat' dir='ltr'>Brev.</span> <span class='ocrx_word' id='word_1_82' title='bbox 290 672 342 690; x_wconf 77' lang='lat' dir='ltr'>ms.</span> <span class='ocrx_word' id='word_1_83' title='bbox 363 663 602 692; x_wconf 72' lang='lat' dir='ltr'>Fredeslariense</span> <span class='ocrx_word' id='word_1_84' title='bbox 622 672 696 691; x_wconf 80' lang='lat' dir='ltr'>saec.</span> <span class='ocrx_word' id='word_1_85' title='bbox 721 662 764 692; x_wconf 85' lang='lat'>14.</span> <span class='ocrx_word' id='word_1_86' title='bbox 805 663 875 691; x_wconf 76' lang='lat' dir='ltr'>cod.</span> <span class='ocrx_word' id='word_1_87' title='bbox 898 662 1047 691; x_wconf 75' lang='lat' dir='ltr'>Casselan.</span> <span class='ocrx_word' id='word_1_88' title='bbox 1070 664 1126 691; x_wconf 80' lang='lat' dir='ltr'>Ms-</span> <span class='ocrx_word' id='word_1_89' title='bbox 1147 664 1236 691; x_wconf 81' lang='lat' dir='ltr'>theol.</span> <span class='ocrx_word' id='word_1_90' title='bbox 1256 662 1320 690; x_wconf 81' lang='lat' dir='ltr'>Fol.</span> <span class='ocrx_word' id='word_1_91' title='bbox 1340 661 1385 690; x_wconf 83' lang='lat'>59.</span> <span class='ocrx_word' id='word_1_92' title='bbox 1405 662 1442 689; x_wconf 80' lang='lat' dir='ltr'>D.</span> <span class='ocrx_word' id='word_1_93' title='bbox 1463 676 1501 681; x_wconf 89' lang='lat'>—</span> 
     </span>
     <span class='ocr_line' id='line_1_12' title="bbox 182 698 1269 736; baseline 0 -9"><span class='ocrx_word' id='word_1_94' title='bbox 182 698 209 733; x_wconf 88' lang='grc'>5,</span> <span class='ocrx_word' id='word_1_95' title='bbox 230 699 247 728; x_wconf 92' lang='grc'>6</span> <span class='ocrx_word' id='word_1_96' title='bbox 267 701 425 729; x_wconf 88' lang='lat' dir='ltr'>Plebeteus</span> <span class='ocrx_word' id='word_1_97' title='bbox 447 702 482 729; x_wconf 95' lang='lat' dir='ltr'>A.</span> <span class='ocrx_word' id='word_1_98' title='bbox 507 717 541 721; x_wconf 95' lang='lat'>—-</span> <span class='ocrx_word' id='word_1_99' title='bbox 561 700 587 734; x_wconf 88' lang='grc'>6,</span> <span class='ocrx_word' id='word_1_100' title='bbox 609 701 626 729; x_wconf 85' lang='grc'>5</span> <span class='ocrx_word' id='word_1_101' title='bbox 649 701 784 730; x_wconf 80' lang='lat' dir='ltr'>Claritati</span> <span class='ocrx_word' id='word_1_102' title='bbox 801 701 862 729; x_wconf 86' lang='lat' dir='ltr'>AB.</span> <span class='ocrx_word' id='word_1_103' title='bbox 883 716 922 720; x_wconf 90' lang='lat'>-—</span> <span class='ocrx_word' id='word_1_104' title='bbox 941 700 967 736; x_wconf 84' lang='lat'>7,</span> <span class='ocrx_word' id='word_1_105' title='bbox 989 700 1006 728; x_wconf 85' lang='lat'>5</span> <span class='ocrx_word' id='word_1_106' title='bbox 1028 703 1142 736; x_wconf 77' lang='lat' dir='ltr'>peccati</span> <span class='ocrx_word' id='word_1_107' title='bbox 1160 710 1215 729; x_wconf 84' lang='lat' dir='ltr'>nos</span> <span class='ocrx_word' id='word_1_108' title='bbox 1235 702 1269 729; x_wconf 88' lang='lat' dir='ltr'>A.</span> 
     </span>
    </p>
   </div>
   <div class='ocr_carea' id='block_1_5' title="bbox 660 859 1031 891">
    <p class='ocr_par' dir='ltr' id='par_1_6' title="bbox 660 859 1031 891">
     <span class='ocr_line' id='line_1_13' title="bbox 660 859 1031 891; baseline 0 -2"><span class='ocrx_word' id='word_1_109' title='bbox 660 859 732 889; x_wconf 82' lang='lat'>440.</span> <span class='ocrx_word' id='word_1_110' title='bbox 763 859 806 890; x_wconf 84' lang='lat' dir='ltr'>De</span> <span class='ocrx_word' id='word_1_111' title='bbox 828 860 938 890; x_wconf 84' lang='lat' dir='ltr'>sancta</span> <span class='ocrx_word' id='word_1_112' title='bbox 958 859 1031 891; x_wconf 86' lang='lat' dir='ltr'>Oda.</span> 
     </span>
    </p>
   </div>
   <div class='ocr_carea' id='block_1_6' title="bbox 175 938 1498 1638">
    <p class='ocr_par' dir='ltr' id='par_1_7' title="bbox 184 938 1435 1120">
     <span class='ocr_line' id='line_1_14' title="bbox 184 938 1337 979; baseline 0 -10"><span class='ocrx_word' id='word_1_113' title='bbox 184 938 215 970; x_wconf 85' lang='lat'>1.</span> <span class='ocrx_word' id='word_1_114' title='bbox 244 939 331 975; x_wconf 87' lang='lat' dir='ltr'>Jesu,</span> <span class='ocrx_word' id='word_1_115' title='bbox 360 947 478 970; x_wconf 86' lang='lat' dir='ltr'>corona</span> <span class='ocrx_word' id='word_1_116' title='bbox 502 938 669 978; x_wconf 83' lang='lat' dir='ltr'>virginum,</span> <span class='ocrx_word' id='word_1_117' title='bbox 871 941 903 972; x_wconf 88' lang='lat'>4.</span> <span class='ocrx_word' id='word_1_118' title='bbox 930 938 1056 970; x_wconf 75' lang='lat' dir='ltr'>Natalis</span> <span class='ocrx_word' id='word_1_119' title='bbox 1087 939 1187 970; x_wconf 86' lang='lat' dir='ltr'>solum</span> <span class='ocrx_word' id='word_1_120' title='bbox 1214 939 1337 979; x_wconf 77' lang='lat' dir='ltr'>patriae</span> 
     </span>
     <span class='ocr_line' id='line_1_15' title="bbox 243 984 1422 1025; baseline 0 -9"><span class='ocrx_word' id='word_1_121' title='bbox 243 986 315 1017; x_wconf 79' lang='lat' dir='ltr'>Rex</span> <span class='ocrx_word' id='word_1_122' title='bbox 340 989 372 1017; x_wconf 91' lang='lat' dir='ltr'>et</span> <span class='ocrx_word' id='word_1_123' title='bbox 395 986 582 1025; x_wconf 78' lang='lat' dir='ltr'>redemptor</span> <span class='ocrx_word' id='word_1_124' title='bbox 606 986 777 1025; x_wconf 84' lang='lat' dir='ltr'>hominum,</span> <span class='ocrx_word' id='word_1_125' title='bbox 931 984 995 1018; x_wconf 88' lang='lat' dir='ltr'>Pro</span> <span class='ocrx_word' id='word_1_126' title='bbox 1023 986 1097 1018; x_wconf 87' lang='lat' dir='ltr'>dote</span> <span class='ocrx_word' id='word_1_127' title='bbox 1120 986 1267 1025; x_wconf 86' lang='lat' dir='ltr'>linquens</span> <span class='ocrx_word' id='word_1_128' title='bbox 1293 986 1422 1025; x_wconf 84' lang='lat' dir='ltr'>gloriae,</span> 
     </span>
     <span class='ocr_line' id='line_1_16' title="bbox 246 1033 1435 1065; baseline 0 -2"><span class='ocrx_word' id='word_1_129' title='bbox 246 1033 341 1064; x_wconf 90' lang='lat' dir='ltr'>Sume</span> <span class='ocrx_word' id='word_1_130' title='bbox 366 1033 445 1065; x_wconf 84' lang='lat' dir='ltr'>odas</span> <span class='ocrx_word' id='word_1_131' title='bbox 472 1033 640 1065; x_wconf 81' lang='lat' dir='ltr'>colentium</span> <span class='ocrx_word' id='word_1_132' title='bbox 930 1033 1064 1065; x_wconf 79' lang='lat' dir='ltr'>Terram</span> <span class='ocrx_word' id='word_1_133' title='bbox 1089 1034 1207 1065; x_wconf 87' lang='lat' dir='ltr'>lustrat</span> <span class='ocrx_word' id='word_1_134' title='bbox 1231 1033 1435 1065; x_wconf 81' lang='lat' dir='ltr'>Taxandriae</span> 
     </span>
     <span class='ocr_line' id='line_1_17' title="bbox 243 1080 1351 1120; baseline 0.003 -9"><span class='ocrx_word' id='word_1_135' title='bbox 243 1080 362 1112; x_wconf 83' lang='lat' dir='ltr'>Sacrae</span> <span class='ocrx_word' id='word_1_136' title='bbox 385 1080 474 1113; x_wconf 88' lang='lat' dir='ltr'>Odae</span> <span class='ocrx_word' id='word_1_137' title='bbox 499 1081 697 1113; x_wconf 86' lang='lat' dir='ltr'>solemnium.</span> <span class='ocrx_word' id='word_1_138' title='bbox 931 1080 1085 1112; x_wconf 83' lang='lat' dir='ltr'>Goelestis</span> <span class='ocrx_word' id='word_1_139' title='bbox 1112 1080 1194 1111; x_wconf 91' lang='lat' dir='ltr'>dono</span> <span class='ocrx_word' id='word_1_140' title='bbox 1220 1080 1351 1120; x_wconf 86' lang='lat' dir='ltr'>gratiae.</span> 
     </span>
    </p>

    <p class='ocr_par' dir='ltr' id='par_1_8' title="bbox 184 1137 1455 1320">
     <span class='ocr_line' id='line_1_18' title="bbox 184 1137 1396 1180; baseline -0.002 -11"><span class='ocrx_word' id='word_1_141' title='bbox 184 1139 217 1171; x_wconf 85' lang='lat'>2.</span> <span class='ocrx_word' id='word_1_142' title='bbox 244 1138 337 1170; x_wconf 84' lang='lat' dir='ltr'>Haec</span> <span class='ocrx_word' id='word_1_143' title='bbox 361 1138 462 1177; x_wconf 80' lang='lat' dir='ltr'>virgo,</span> <span class='ocrx_word' id='word_1_144' title='bbox 489 1138 597 1177; x_wconf 84' lang='lat' dir='ltr'>proles</span> <span class='ocrx_word' id='word_1_145' title='bbox 623 1138 720 1180; x_wconf 86' lang='lat' dir='ltr'>regia,</span> <span class='ocrx_word' id='word_1_146' title='bbox 871 1137 903 1168; x_wconf 81' lang='grc'>5,</span> <span class='ocrx_word' id='word_1_147' title='bbox 928 1137 1033 1176; x_wconf 84' lang='lat' dir='ltr'>Hujus</span> <span class='ocrx_word' id='word_1_148' title='bbox 1057 1145 1155 1176; x_wconf 85' lang='lat' dir='ltr'>prece</span> <span class='ocrx_word' id='word_1_149' title='bbox 1176 1137 1231 1168; x_wconf 84' lang='lat' dir='ltr'>lux</span> <span class='ocrx_word' id='word_1_150' title='bbox 1257 1138 1396 1168; x_wconf 87' lang='lat' dir='ltr'>omnium</span> 
     </span>
     <span class='ocr_line' id='line_1_19' title="bbox 241 1183 1447 1225; baseline -0.002 -9"><span class='ocrx_word' id='word_1_151' title='bbox 241 1184 368 1216; x_wconf 84' lang='lat' dir='ltr'>Nobilis</span> <span class='ocrx_word' id='word_1_152' title='bbox 394 1187 427 1216; x_wconf 86' lang='lat' dir='ltr'>et</span> <span class='ocrx_word' id='word_1_153' title='bbox 449 1185 597 1225; x_wconf 74' lang='lat' dir='ltr'>ingenua,</span> <span class='ocrx_word' id='word_1_154' title='bbox 929 1184 996 1216; x_wconf 86' lang='lat' dir='ltr'>Nos</span> <span class='ocrx_word' id='word_1_155' title='bbox 1025 1194 1043 1215; x_wconf 89' lang='lat' dir='ltr'>a</span> <span class='ocrx_word' id='word_1_156' title='bbox 1068 1184 1158 1216; x_wconf 78' lang='lat' dir='ltr'>faece</span> <span class='ocrx_word' id='word_1_157' title='bbox 1185 1185 1246 1217; x_wconf 88' lang='lat' dir='ltr'>duc</span> <span class='ocrx_word' id='word_1_158' title='bbox 1271 1183 1447 1221; x_wconf 84' lang='lat' dir='ltr'>criminum,</span> 
     </span>
     <span class='ocr_line' id='line_1_20' title="bbox 242 1231 1455 1272; baseline -0.002 -8"><span class='ocrx_word' id='word_1_159' title='bbox 242 1232 454 1264; x_wconf 86' lang='lat' dir='ltr'>Contemnens</span> <span class='ocrx_word' id='word_1_160' title='bbox 478 1232 589 1264; x_wconf 90' lang='lat' dir='ltr'>mundi</span> <span class='ocrx_word' id='word_1_161' title='bbox 616 1232 731 1272; x_wconf 83' lang='lat' dir='ltr'>gaudia</span> <span class='ocrx_word' id='word_1_162' title='bbox 929 1232 976 1265; x_wconf 89' lang='lat' dir='ltr'>Ut</span> <span class='ocrx_word' id='word_1_163' title='bbox 999 1234 1074 1271; x_wconf 84' lang='lat' dir='ltr'>post</span> <span class='ocrx_word' id='word_1_164' title='bbox 1099 1231 1202 1263; x_wconf 82' lang='lat' dir='ltr'>carnis</span> <span class='ocrx_word' id='word_1_165' title='bbox 1227 1232 1288 1263; x_wconf 89' lang='lat' dir='ltr'>hoc</span> <span class='ocrx_word' id='word_1_166' title='bbox 1313 1231 1455 1263; x_wconf 87' lang='lat' dir='ltr'>taedium</span> 
     </span>
     <span class='ocr_line' id='line_1_21' title="bbox 240 1278 1424 1320; baseline -0.001 -10"><span class='ocrx_word' id='word_1_167' title='bbox 240 1279 388 1318; x_wconf 83' lang='lat' dir='ltr'>Suspirat</span> <span class='ocrx_word' id='word_1_168' title='bbox 412 1279 452 1311; x_wconf 87' lang='lat' dir='ltr'>ad</span> <span class='ocrx_word' id='word_1_169' title='bbox 479 1283 647 1320; x_wconf 84' lang='lat' dir='ltr'>perpetua.</span> <span class='ocrx_word' id='word_1_170' title='bbox 929 1279 983 1311; x_wconf 87' lang='lat' dir='ltr'>Ad</span> <span class='ocrx_word' id='word_1_171' title='bbox 1008 1282 1042 1310; x_wconf 90' lang='lat' dir='ltr'>te</span> <span class='ocrx_word' id='word_1_172' title='bbox 1068 1279 1220 1311; x_wconf 82' lang='lat' dir='ltr'>ducamur</span> <span class='ocrx_word' id='word_1_173' title='bbox 1245 1278 1424 1310; x_wconf 87' lang='lat' dir='ltr'>Dominum.</span> 
     </span>
    </p>

    <p class='ocr_par' dir='ltr' id='par_1_9' title="bbox 182 1334 1304 1472">
     <span class='ocr_line' id='line_1_22' title="bbox 182 1334 1304 1376; baseline -0.002 -7"><span class='ocrx_word' id='word_1_174' title='bbox 182 1338 214 1369; x_wconf 84' lang='lat'>3.</span> <span class='ocrx_word' id='word_1_175' title='bbox 242 1335 326 1367; x_wconf 88' lang='lat' dir='ltr'>Visu</span> <span class='ocrx_word' id='word_1_176' title='bbox 349 1336 463 1369; x_wconf 82' lang='lat' dir='ltr'>orbata</span> <span class='ocrx_word' id='word_1_177' title='bbox 486 1336 635 1376; x_wconf 86' lang='lat' dir='ltr'>primitus</span> <span class='ocrx_word' id='word_1_178' title='bbox 872 1337 904 1368; x_wconf 89' lang='lat'>6.</span> <span class='ocrx_word' id='word_1_179' title='bbox 930 1334 1000 1367; x_wconf 86' lang='lat' dir='ltr'>Deo</span> <span class='ocrx_word' id='word_1_180' title='bbox 1025 1336 1112 1375; x_wconf 82' lang='lat' dir='ltr'>patri</span> <span class='ocrx_word' id='word_1_181' title='bbox 1135 1335 1178 1366; x_wconf 89' lang='lat' dir='ltr'>sit</span> <span class='ocrx_word' id='word_1_182' title='bbox 1202 1335 1304 1375; x_wconf 80' lang='lat' dir='ltr'>gloria</span> 
     </span>
     <span class='ocr_line' id='line_1_23' title="bbox 236 1381 1222 1424; baseline -0.003 -8"><span class='ocrx_word' id='word_1_183' title='bbox 236 1384 446 1416; x_wconf 81' lang='lat' dir='ltr'>Illuminatur</span> <span class='ocrx_word' id='word_1_184' title='bbox 471 1384 613 1424; x_wconf 82' lang='lat' dir='ltr'>coelitus,</span> <span class='ocrx_word' id='word_1_185' title='bbox 930 1382 975 1415; x_wconf 85' lang='lat' dir='ltr'>Et</span> <span class='ocrx_word' id='word_1_186' title='bbox 997 1381 1064 1414; x_wconf 89' lang='lat' dir='ltr'>filio</span> <span class='ocrx_word' id='word_1_187' title='bbox 1089 1383 1222 1415; x_wconf 82' lang='lat' dir='ltr'>victoria</span> 
     </span>
     <span class='ocr_line' id='line_1_24' title="bbox 238 1430 1286 1472; baseline -0.003 -9"><span class='ocrx_word' id='word_1_188' title='bbox 238 1431 286 1463; x_wconf 86' lang='lat' dir='ltr'>Te</span> <span class='ocrx_word' id='word_1_189' title='bbox 309 1431 468 1472; x_wconf 81' lang='lat' dir='ltr'>largiente</span> <span class='ocrx_word' id='word_1_190' title='bbox 491 1431 638 1471; x_wconf 88' lang='lat' dir='ltr'>pluribus</span> <span class='ocrx_word' id='word_1_191' title='bbox 924 1430 1148 1470; x_wconf 85' lang='lat' dir='ltr'>Paraclitoque</span> <span class='ocrx_word' id='word_1_192' title='bbox 1172 1430 1286 1469; x_wconf 84' lang='lat' dir='ltr'>gratia,</span> 
     </span>
    </p>

    <p class='ocr_par' dir='ltr' id='par_1_10' title="bbox 175 1476 1498 1638">
     <span class='ocr_line' id='line_1_25' title="bbox 235 1476 1345 1511; baseline -0.004 0"><span class='ocrx_word' id='word_1_193' title='bbox 235 1478 378 1511; x_wconf 83' lang='lat' dir='ltr'>Emicuit</span> <span class='ocrx_word' id='word_1_194' title='bbox 403 1479 586 1511; x_wconf 82' lang='lat' dir='ltr'>virtutibus,</span> <span class='ocrx_word' id='word_1_195' title='bbox 928 1476 1045 1509; x_wconf 86' lang='lat' dir='ltr'>Sacrae</span> <span class='ocrx_word' id='word_1_196' title='bbox 1071 1478 1160 1510; x_wconf 87' lang='lat' dir='ltr'>Odae</span> <span class='ocrx_word' id='word_1_197' title='bbox 1184 1476 1345 1508; x_wconf 83' lang='lat' dir='ltr'>memoria.</span> 
     </span>
     <span class='ocr_line' id='line_1_26' title="bbox 229 1559 1498 1628; baseline -0.002 -38"><span class='ocrx_word' id='word_1_198' title='bbox 229 1563 355 1628; x_wconf 52' lang='lat' dir='ltr'>fPropr.</span> <span class='ocrx_word' id='word_1_199' title='bbox 378 1563 407 1590; x_wconf 86' lang='lat' dir='ltr'>S.</span> <span class='ocrx_word' id='word_1_200' title='bbox 427 1562 575 1591; x_wconf 83' lang='lat' dir='ltr'>Johannis</span> <span class='ocrx_word' id='word_1_201' title='bbox 596 1563 795 1590; x_wconf 83' lang='lat' dir='ltr'>Boseoducen.</span> <span class='ocrx_word' id='word_1_202' title='bbox 815 1562 887 1597; x_wconf 86' lang='lat' dir='ltr'>imp.</span> <span class='ocrx_word' id='word_1_203' title='bbox 906 1561 1094 1596; x_wconf 80' lang='lat' dir='ltr'>Antwerpiae</span> <span class='ocrx_word' id='word_1_204' title='bbox 1114 1570 1137 1588; x_wconf 92' lang='grc'>3.</span> <span class='ocrx_word' id='word_1_205' title='bbox 1157 1569 1183 1587; x_wconf 84' lang='lat' dir='ltr'>a.</span> <span class='ocrx_word' id='word_1_206' title='bbox 1204 1577 1241 1581; x_wconf 92' lang='lat'>—</span> <span class='ocrx_word' id='word_1_207' title='bbox 1260 1559 1296 1594; x_wconf 88' lang='lat'>4,</span> <span class='ocrx_word' id='word_1_208' title='bbox 1321 1559 1339 1587; x_wconf 84' lang='lat'>2</span> <span class='ocrx_word' id='word_1_209' title='bbox 1359 1561 1498 1596; x_wconf 84' lang='lat' dir='ltr'>linquens</span> 
     </span>
     <span class='ocr_line' id='line_1_27' title="bbox 175 1609 299 1638; baseline -0.008 -9"><span class='ocrx_word' id='word_1_210' title='bbox 175 1610 229 1638; x_wconf 85' lang='lat' dir='ltr'>gra</span> <span class='ocrx_word' id='word_1_211' title='bbox 243 1609 299 1629; x_wconf 76' lang='lat' dir='ltr'>iae.</span> 
     </span>
    </p>
   </div>
   <div class='ocr_carea' id='block_1_7' title="bbox 636 1722 1044 1755">
    <p class='ocr_par' dir='ltr' id='par_1_11' title="bbox 636 1722 1044 1755">
     <span class='ocr_line' id='line_1_28' title="bbox 636 1722 1044 1755; baseline -0.002 -3"><span class='ocrx_word' id='word_1_212' title='bbox 636 1722 702 1753; x_wconf 84' lang='grc'>441.</span> <span class='ocrx_word' id='word_1_213' title='bbox 731 1722 776 1753; x_wconf 85' lang='lat' dir='ltr'>De</span> <span class='ocrx_word' id='word_1_214' title='bbox 796 1724 909 1754; x_wconf 85' lang='lat' dir='ltr'>sancta</span> <span class='ocrx_word' id='word_1_215' title='bbox 932 1722 1044 1755; x_wconf 79' lang='lat' dir='ltr'>odilia.</span> 
     </span>
    </p>
   </div>
   <div class='ocr_carea' id='block_1_8' title="bbox 172 1799 1493 2402">
    <p class='ocr_par' dir='ltr' id='par_1_12' title="bbox 172 1799 1493 2402">
     <span class='ocr_line' id='line_1_29' title="bbox 739 1799 936 1829; baseline 0 0"><span class='ocrx_word' id='word_1_216' title='bbox 739 1800 789 1829; x_wconf 91' lang='lat' dir='ltr'>Ad</span> <span class='ocrx_word' id='word_1_217' title='bbox 808 1799 936 1829; x_wconf 81' lang='lat' dir='ltr'>Laudes.</span> 
     </span>
     <span class='ocr_line' id='line_1_30' title="bbox 176 1878 1380 1920; baseline -0.004 -7"><span class='ocrx_word' id='word_1_218' title='bbox 176 1880 208 1913; x_wconf 81' lang='lat'>1.</span> <span class='ocrx_word' id='word_1_219' title='bbox 234 1879 360 1920; x_wconf 84' lang='lat' dir='ltr'>Sponsa</span> <span class='ocrx_word' id='word_1_220' title='bbox 385 1878 469 1918; x_wconf 86' lang='lat' dir='ltr'>regis</span> <span class='ocrx_word' id='word_1_221' title='bbox 495 1879 689 1918; x_wconf 81' lang='lat' dir='ltr'>angelorum,</span> <span class='ocrx_word' id='word_1_222' title='bbox 866 1881 898 1912; x_wconf 87' lang='lat'>3.</span> <span class='ocrx_word' id='word_1_223' title='bbox 925 1879 1026 1912; x_wconf 87' lang='lat' dir='ltr'>Prece</span> <span class='ocrx_word' id='word_1_224' title='bbox 1045 1878 1181 1918; x_wconf 83' lang='lat' dir='ltr'>jungens</span> <span class='ocrx_word' id='word_1_225' title='bbox 1204 1878 1380 1918; x_wconf 76' lang='lat' dir='ltr'>genitorem</span> 
     </span>
     <span class='ocr_line' id='line_1_31' title="bbox 283 1925 1305 1968; baseline -0.002 -10"><span class='ocrx_word' id='word_1_226' title='bbox 283 1926 410 1958; x_wconf 82' lang='lat' dir='ltr'>Nobilis</span> <span class='ocrx_word' id='word_1_227' title='bbox 437 1925 553 1968; x_wconf 81' lang='lat' dir='ltr'>odilia,</span> <span class='ocrx_word' id='word_1_228' title='bbox 974 1926 1104 1965; x_wconf 85' lang='lat' dir='ltr'>Superis</span> <span class='ocrx_word' id='word_1_229' title='bbox 1130 1925 1305 1967; x_wconf 81' lang='lat' dir='ltr'>ordinibus,</span> 
     </span>
     <span class='ocr_line' id='line_1_32' title="bbox 236 1973 1375 2014; baseline -0.005 -5"><span class='ocrx_word' id='word_1_230' title='bbox 236 1975 287 2009; x_wconf 92' lang='lat' dir='ltr'>Ab</span> <span class='ocrx_word' id='word_1_231' title='bbox 313 1974 443 2008; x_wconf 81' lang='lat' dir='ltr'>immani</span> <span class='ocrx_word' id='word_1_232' title='bbox 469 1977 672 2014; x_wconf 88' lang='lat' dir='ltr'>peccatorum</span> <span class='ocrx_word' id='word_1_233' title='bbox 925 1974 1051 2006; x_wconf 84' lang='lat' dir='ltr'>Justum</span> <span class='ocrx_word' id='word_1_234' title='bbox 1075 1973 1187 2013; x_wconf 87' lang='lat' dir='ltr'>mitiga</span> <span class='ocrx_word' id='word_1_235' title='bbox 1212 1981 1375 2004; x_wconf 83' lang='lat' dir='ltr'>censorem</span> 
     </span>
     <span class='ocr_line' id='line_1_33' title="bbox 280 2020 1397 2062; baseline -0.003 -8"><span class='ocrx_word' id='word_1_236' title='bbox 280 2022 385 2054; x_wconf 82' lang='lat' dir='ltr'>Fasce</span> <span class='ocrx_word' id='word_1_237' title='bbox 410 2030 467 2053; x_wconf 92' lang='lat' dir='ltr'>nos</span> <span class='ocrx_word' id='word_1_238' title='bbox 494 2030 642 2062; x_wconf 83' lang='lat' dir='ltr'>exonera,</span> <span class='ocrx_word' id='word_1_239' title='bbox 971 2021 1073 2054; x_wconf 81' lang='lat' dir='ltr'>Nobis</span> <span class='ocrx_word' id='word_1_240' title='bbox 1097 2020 1397 2061; x_wconf 83' lang='lat' dir='ltr'>transgressoribus,</span> 
     </span>
     <span class='ocr_line' id='line_1_34' title="bbox 234 2067 1480 2111; baseline -0.006 -6"><span class='ocrx_word' id='word_1_241' title='bbox 234 2072 287 2105; x_wconf 86' lang='lat' dir='ltr'>Ad</span> <span class='ocrx_word' id='word_1_242' title='bbox 313 2078 454 2103; x_wconf 85' lang='lat' dir='ltr'>amorem</span> <span class='ocrx_word' id='word_1_243' title='bbox 479 2078 691 2109; x_wconf 87' lang='lat' dir='ltr'>supernorum</span> <span class='ocrx_word' id='word_1_244' title='bbox 924 2070 983 2111; x_wconf 78' lang='lat' dir='ltr'>Qui</span> <span class='ocrx_word' id='word_1_245' title='bbox 1008 2078 1066 2101; x_wconf 87' lang='lat' dir='ltr'>nos</span> <span class='ocrx_word' id='word_1_246' title='bbox 1090 2070 1234 2101; x_wconf 87' lang='lat' dir='ltr'>nostrum</span> <span class='ocrx_word' id='word_1_247' title='bbox 1260 2067 1315 2099; x_wconf 89' lang='lat' dir='ltr'>det</span> <span class='ocrx_word' id='word_1_248' title='bbox 1339 2076 1480 2099; x_wconf 87' lang='lat' dir='ltr'>errorem</span> 
     </span>
     <span class='ocr_line' id='line_1_35' title="bbox 280 2114 1361 2158; baseline -0.003 -7"><span class='ocrx_word' id='word_1_249' title='bbox 280 2119 401 2151; x_wconf 83' lang='lat' dir='ltr'>Nostra</span> <span class='ocrx_word' id='word_1_250' title='bbox 432 2118 543 2150; x_wconf 83' lang='lat' dir='ltr'>levans</span> <span class='ocrx_word' id='word_1_251' title='bbox 566 2120 709 2158; x_wconf 83' lang='lat' dir='ltr'>pectora.</span> <span class='ocrx_word' id='word_1_252' title='bbox 972 2117 1035 2150; x_wconf 89' lang='lat' dir='ltr'>Hic</span> <span class='ocrx_word' id='word_1_253' title='bbox 1059 2125 1200 2158; x_wconf 83' lang='lat' dir='ltr'>purgare</span> <span class='ocrx_word' id='word_1_254' title='bbox 1224 2114 1361 2148; x_wconf 86' lang='lat' dir='ltr'>fletibus.</span> 
     </span>
     <span class='ocr_line' id='line_1_36' title="bbox 172 2173 1363 2216; baseline -0.004 -7"><span class='ocrx_word' id='word_1_255' title='bbox 172 2179 204 2210; x_wconf 84' lang='lat'>2.</span> <span class='ocrx_word' id='word_1_256' title='bbox 233 2177 330 2216; x_wconf 84' lang='lat' dir='ltr'>Cujus</span> <span class='ocrx_word' id='word_1_257' title='bbox 356 2176 529 2208; x_wconf 81' lang='lat' dir='ltr'>sanctitate</span> <span class='ocrx_word' id='word_1_258' title='bbox 553 2176 662 2207; x_wconf 88' lang='lat' dir='ltr'>vinum</span> <span class='ocrx_word' id='word_1_259' title='bbox 866 2177 897 2210; x_wconf 86' lang='lat'>4.</span> <span class='ocrx_word' id='word_1_260' title='bbox 923 2175 1121 2215; x_wconf 86' lang='lat' dir='ltr'>Monitisque</span> <span class='ocrx_word' id='word_1_261' title='bbox 1144 2173 1363 2214; x_wconf 82' lang='lat' dir='ltr'>praecursoris</span> 
     </span>
     <span class='ocr_line' id='line_1_37' title="bbox 282 2220 1320 2264; baseline -0.003 -9"><span class='ocrx_word' id='word_1_262' title='bbox 282 2224 406 2256; x_wconf 82' lang='lat' dir='ltr'>Crescit</span> <span class='ocrx_word' id='word_1_263' title='bbox 431 2232 487 2255; x_wconf 91' lang='lat' dir='ltr'>suo</span> <span class='ocrx_word' id='word_1_264' title='bbox 513 2226 668 2264; x_wconf 83' lang='lat' dir='ltr'>tempore,</span> <span class='ocrx_word' id='word_1_265' title='bbox 972 2223 1102 2255; x_wconf 91' lang='lat' dir='ltr'>Domini</span> <span class='ocrx_word' id='word_1_266' title='bbox 1128 2222 1168 2253; x_wconf 90' lang='lat' dir='ltr'>de</span> <span class='ocrx_word' id='word_1_267' title='bbox 1191 2220 1320 2261; x_wconf 79' lang='lat' dir='ltr'>inJ&#39;ustis</span> 
     </span>
     <span class='ocr_line' id='line_1_38' title="bbox 229 2267 1493 2311; baseline -0.002 -9"><span class='ocrx_word' id='word_1_268' title='bbox 229 2271 298 2303; x_wconf 86' lang='lat' dir='ltr'>Fac</span> <span class='ocrx_word' id='word_1_269' title='bbox 322 2281 379 2304; x_wconf 89' lang='lat' dir='ltr'>nos</span> <span class='ocrx_word' id='word_1_270' title='bbox 403 2273 472 2303; x_wconf 90' lang='lat' dir='ltr'>toto</span> <span class='ocrx_word' id='word_1_271' title='bbox 499 2270 596 2303; x_wconf 88' lang='lat' dir='ltr'>corde</span> <span class='ocrx_word' id='word_1_272' title='bbox 620 2271 755 2311; x_wconf 87' lang='lat' dir='ltr'>primum</span> <span class='ocrx_word' id='word_1_273' title='bbox 923 2272 992 2305; x_wconf 86' lang='lat' dir='ltr'>Fac</span> <span class='ocrx_word' id='word_1_274' title='bbox 1019 2279 1078 2303; x_wconf 89' lang='lat' dir='ltr'>nos</span> <span class='ocrx_word' id='word_1_275' title='bbox 1102 2270 1256 2309; x_wconf 87' lang='lat' dir='ltr'>templum</span> <span class='ocrx_word' id='word_1_276' title='bbox 1280 2267 1493 2307; x_wconf 82' lang='lat' dir='ltr'>redemptoris</span> 
     </span>
     <span class='ocr_line' id='line_1_39' title="bbox 280 2317 1273 2360; baseline -0.003 -9"><span class='ocrx_word' id='word_1_277' title='bbox 280 2320 424 2360; x_wconf 86' lang='lat' dir='ltr'>Regnum</span> <span class='ocrx_word' id='word_1_278' title='bbox 447 2319 510 2351; x_wconf 88' lang='lat' dir='ltr'>Dei</span> <span class='ocrx_word' id='word_1_279' title='bbox 535 2327 690 2358; x_wconf 87' lang='lat' dir='ltr'>quaerere</span> <span class='ocrx_word' id='word_1_280' title='bbox 971 2318 1048 2350; x_wconf 85' lang='lat' dir='ltr'>Tuis</span> <span class='ocrx_word' id='word_1_281' title='bbox 1073 2317 1273 2359; x_wconf 84' lang='lat' dir='ltr'>patrociniis,</span> 
     </span>
     <span class='ocr_line' id='line_1_40' title="bbox 230 2363 1386 2402; baseline -0.003 -3"><span class='ocrx_word' id='word_1_282' title='bbox 230 2367 273 2399; x_wconf 84' lang='lat' dir='ltr'>Et</span> <span class='ocrx_word' id='word_1_283' title='bbox 297 2365 510 2398; x_wconf 81' lang='lat' dir='ltr'>sufficientem</span> <span class='ocrx_word' id='word_1_284' title='bbox 535 2366 653 2398; x_wconf 83' lang='lat' dir='ltr'>victum</span> <span class='ocrx_word' id='word_1_285' title='bbox 923 2366 1162 2399; x_wconf 76' lang='lat' dir='ltr'>Praemunitum</span> <span class='ocrx_word' id='word_1_286' title='bbox 1185 2366 1281 2402; x_wconf 72' lang='grc'>1111113,</span> <span class='ocrx_word' id='word_1_287' title='bbox 1307 2363 1386 2396; x_wconf 85' lang='lat' dir='ltr'>foris</span> 
     </span>
    </p>
   </div>
   <div class='ocr_carea' id='block_1_9' title="bbox 276 2412 1307 2454">
    <p class='ocr_par' dir='ltr' id='par_1_13' title="bbox 276 2412 1307 2454">
     <span class='ocr_line' id='line_1_41' title="bbox 276 2412 1307 2454; baseline -0.004 -8"><span class='ocrx_word' id='word_1_288' title='bbox 276 2413 380 2446; x_wconf 79' lang='lat' dir='ltr'>Nobis</span> <span class='ocrx_word' id='word_1_289' title='bbox 410 2413 548 2445; x_wconf 84' lang='lat' dir='ltr'>clemens</span> <span class='ocrx_word' id='word_1_290' title='bbox 574 2414 690 2454; x_wconf 82' lang='lat' dir='ltr'>adjice.</span> <span class='ocrx_word' id='word_1_291' title='bbox 969 2413 1080 2446; x_wconf 86' lang='lat' dir='ltr'>Hostis</span> <span class='ocrx_word' id='word_1_292' title='bbox 1106 2413 1145 2445; x_wconf 90' lang='lat' dir='ltr'>ab</span> <span class='ocrx_word' id='word_1_293' title='bbox 1170 2412 1307 2447; x_wconf 76' lang='lat' dir='ltr'>insidiis,</span> 
     </span>
    </p>
   </div>
  </div>
 </body>
</html>
