1653 2637
731 152 964 188 183-

412 250 443 283 9.
470 248 563 281 Pacis
590 253 791 290 augmentum
810 253 923 290 poscat
945 251 1148 284 innocentum

470 295 557 328 Grex
584 298 783 337 candidatus,
811 307 887 338 quos
913 305 970 331 rex
994 299 1199 338 perturbatus

469 344 573 377 Jussit
597 346 715 390 necari,
741 349 884 378 metuens
908 346 1031 386 privari

518 391 661 424 Culmine
686 393 784 434 regni.

391 449 445 482 10.
474 449 738 493 Triumphatores
763 451 936 491 mundique
960 453 1099 483 rectores

469 496 554 530 Fide
578 497 733 537 vicerunt,
760 498 893 539 gloriam
917 501 1116 541 spreverunt,

469 543 571 577 Nobis
595 553 723 577 suorum
750 546 868 578 donent
891 546 1123 586 triumphorum

516 591 642 624 Gaudia
668 601 784 624 seeum.

393 649 445 681 11.
472 648 629 688 Impetret
652 651 760 681 votum
787 649 900 682 chorus
926 651 1127 683 sacerdotum

468 695 538 728 Nec
566 706 629 728 non
655 699 838 729 cunctorum
865 700 972 729 coetus
998 696 1223 740 confessorum,

468 743 584 775 Omnes
609 743 663 784 qui
688 747 812 783 gratum
838 744 907 777 Deo
933 743 1119 778 famulatum

517 790 749 826 Exhibuerunt.

395 847 448 882 12.
478 846 566 880 Grex
591 847 756 888 virginalis
782 851 860 891 oret,
887 851 923 880 ut
948 848 989 880 de
1012 849 1105 882 malis

470 894 575 928 Saecli
598 897 778 936 praesentis
804 897 899 928 simul
925 898 957 927 et
980 897 1140 938 sequentis

471 942 657 982 Eripiamur
682 946 722 983 et,
750 952 830 984 quae
855 944 1061 986 postulamus,

517 990 733 1031 Accipiamus.

391 1048 446 1081 13.
473 1047 702 1080 Universorum
727 1048 817 1080 cunei
843 1050 1023 1080 sanctorum

470 1095 566 1128 Coelo
592 1095 766 1136 gaudentes
791 1095 882 1127 nobis
907 1095 971 1128 sint
997 1097 1176 1136 clementes,

470 1142 590 1181 Quibus
615 1143 717 1182 adeti
741 1151 920 1175 mereamur
944 1143 991 1175 uti

518 1189 606 1222 Luce
630 1191 773 1229 perenni.

396 1248 450 1281 14.
479 1247 594 1280 Omnes
621 1247 725 1290 electi,
751 1250 912 1288 compotes
938 1247 1043 1279 effecti

470 1295 567 1328 Vitae
592 1295 714 1337 beatae,
742 1295 912 1328 Dominum
937 1298 1057 1337 rogate,

466 1342 568 1375 Nobis
592 1346 628 1375 ut
652 1342 768 1375 laetam
795 1343 891 1375 donet
916 1345 948 1375 et
971 1343 1110 1383 quietam

517 1390 643 1422 Ducere
669 1391 776 1424 vitam.

390 1449 446 1482 15.
472 1447 619 1480 Praestet
643 1447 788 1480 levamen
812 1448 903 1481 nobis
930 1450 961 1479 et
982 1448 1142 1491 juvamen,

469 1495 535 1534 Quo
560 1495 671 1527 mundi
696 1494 810 1527 fluctus
836 1496 1060 1536 gehennaeque
1084 1495 1188 1527 luctus

469 1543 523 1576 Sic
548 1544 728 1587 evadamus,
755 1545 801 1583 ut,
827 1552 907 1583 quae
931 1552 1016 1574 nunc
1039 1552 1213 1588 speramus,

515 1591 731 1625 ObtineamuS.

392 1650 448 1683 16.
474 1648 547 1682 Lux
571 1648 777 1688 sempiterna,
802 1648 856 1688 pie
879 1656 936 1680 nos
961 1647 1115 1690 guberna,

470 1697 567 1730 Pater
592 1705 630 1728 ac
654 1698 730 1728 nate
754 1705 875 1737 parque
902 1695 1021 1728 deitate

469 1744 608 1783 Spiritus
634 1746 753 1785 sancte,
780 1743 867 1775 Deus
892 1752 972 1775 unus
998 1746 1071 1775 ante

518 1790 654 1823 Saecula
677 1792 789 1824 trinus.

271 1883 340 1911 Ood.
361 1882 497 1910 Vatican.
519 1878 584 1909 311.
610 1880 675 1908 add.
697 1889 773 1909 saec.
796 1878 839 1908 15.
870 1896 888 1902 -
919 1878 945 1915 3,
967 1878 985 1908 3
1007 1883 1092 1909 cucta
1110 1881 1179 1916 Hs.;
1205 1880 1413 1917 urspriinglich
1433 1881 1512 1908 woh]

192 1924 262 1950 tota.
283 1938 322 1942 —-
342 1919 368 1955 3,
390 1919 410 1949 4
430 1920 518 1949 Perle
537 1920 670 1948 molesta.

627 2030 689 2064 128.
720 2032 765 2064 De
786 2030 929 2063 Omnibus
952 2030 1084 2063 Sanctis.

709 2110 758 2140 Ad
776 2109 1009 2140 Processionem.

496 2191 535 2218 R0
556 2189 674 2218 Humili
694 2199 780 2226 prece
800 2191 829 2217 et
849 2190 965 2217 sincera
985 2188 1141 2217 devotione

587 2229 633 2257 Ad
653 2230 683 2256 te
704 2229 865 2256 clamantes
882 2236 997 2263 semper
1017 2226 1124 2255 exaudi
1143 2236 1207 2255 nos.

309 2299 340 2332 1.
367 2297 513 2331 Summus
540 2300 573 2329 et
596 2297 794 2337 omnipotens
820 2297 955 2337 genitor,
983 2297 1037 2336 qui
1062 2299 1176 2329 cuncta
1202 2295 1327 2335 creasti,

413 2347 573 2379 Aeternus
601 2345 755 2388 Christus,
782 2343 867 2378 filius
893 2347 989 2384 atque
1013 2344 1111 2384 Deus,

365 2393 435 2426 Nec
458 2403 522 2426 non
547 2392 752 2426 sanctificans
778 2392 959 2425 dominator
983 2393 1118 2433 spiritus
1144 2393 1255 2436 annm,

416 2442 520 2475 Unica
547 2443 698 2482 maJ'estas
723 2442 870 2481 trinaque
892 2440 961 2473 sola
983 2440 1053 2475 Dei.
