1653 2637
779 115 1034 153 —134-

682 210 749 242 224.
779 211 822 242 De
841 210 947 241 saneto
968 207 1142 240 Benedicto.

261 279 292 313 1.
320 277 405 312 Grex
429 282 511 320 tuus,
537 290 554 312 o
577 279 759 321 Benedicte‚
784 278 844 313 tibi
933 281 964 312 4.
990 278 1187 318 Aequiperas
1212 278 1359 309 meritum
1383 276 1498 320 Moysi,

320 327 423 360 Corde
447 327 531 366 quod
555 327 669 359 occinit
693 336 730 358 ex
755 326 874 365 humili,
991 325 1068 358 Cum
1092 326 1194 366 gregis
1218 333 1372 357 annueres
1396 324 1494 364 oneri,

320 374 463 412 Carmen,
489 377 592 406 amate
615 376 716 413 pater,
744 373 857 414 capito,
990 372 1129 405 Eliciens
1153 382 1248 413 prece
1270 373 1437 404 nocticana

318 420 452 453 Sedulus
476 421 553 453 offer
578 423 608 451 et
631 421 700 460 ipse
724 420 803 454 Deo.
989 421 1039 453 Ex
1064 419 1161 452 silicis
1185 421 1311 452 laticem
1338 429 1441 452 cavea.

261 479 292 510 2.
319 477 378 510 Cui
400 487 490 518 mage
513 479 583 509 luce
603 477 660 508 sub
678 478 737 509 hac
757 476 876 510 celebri
932 479 963 510 5.
990 478 1124 515 compos
1148 476 1329 509 Helisaicae
1351 476 1438 518 fidei,

318 524 428 557 Munia
452 525 600 558 solvimus
624 524 813 564 hymnologi,
993 524 1193 563 Compatiens
1217 524 1418 564 lacrimisque
1442 523 1548 566 Gothi,

317 573 383 611 Qua
404 572 504 603 voluit
526 579 676 603 revocare
700 572 761 603 sibi
990 571 1130 610 Gurgitis
1156 570 1262 603 eximii
1285 571 1440 603 scatebris

317 619 371 657 Te,
398 619 578 650 venerabile
601 618 724 657 plasma
747 620 805 652 sui.
986 618 1155 651 Manubrio
1181 618 1313 651 calibem
1337 619 1472 653 revehis,

258 677 291 708 3.
317 674 430 707 Gratia
453 683 544 714 quem
568 683 690 715 quoqne
713 675 856 707 theorica
933 677 965 709 6.
991 675 1077 707 Juris
1102 675 1268 715 apostolici
1294 675 1416 707 meritis

313 721 477 754 Irradians
502 720 572 754 face
595 722 762 765 regminea‚
991 722 1139 755 Justitiae
1164 731 1196 754 es
1221 723 1324 755 socius
1348 723 1470 763 parilis,

317 768 473 801 Praetulit
496 768 638 800 omnibus
663 769 820 809 orbicolis‚
991 769 1172 802 Restituens
1196 771 1316 802 animas
1339 770 1487 812 precibus

315 816 361 849 Ut
385 816 437 847 via
460 816 554 855 plena
578 814 661 848 foret
683 817 792 849 radiis.
991 815 1142 849 Tabifiuis
1166 826 1244 849 nece
1268 818 1462 857 corporibus

576 873 606 905 7.
631 873 745 905 Inclita
779 873 861 905 doxa
893 873 979 912 patri
1009 873 1149 912 ingenito

635 919 715 959 Ejus
741 923 773 951 et
796 928 836 951 ex
862 919 980 951 deitate
1004 922 1072 951 sato

634 966 829 1007 Spirituique
852 967 923 1006 pari
946 967 1081 999 Domino

634 1013 745 1045 Gloria
767 1017 911 1052 tempore
934 1016 1098 1054 perpetuo.

256 1111 299 1139 IV
329 1074 443 1138 2}me
472 1083 523 1101 ms,
557 1074 800 1104 Fredeslariensis
829 1082 904 1101 saec.
937 1072 981 1103 11,
1008 1082 1052 1102 ex.
1096 1073 1165 1101 Cod.
1191 1074 1338 1102 Casselan.
1364 1076 1420 1102 Ms.
1450 1074 1554 1103 Theol.

679 1183 747 1215 225.
775 1185 817 1215 De
837 1185 942 1215 sancto
963 1183 1136 1216 Benedicto.

540 1246 569 1276 1.
596 1245 693 1276 Festa
716 1245 891 1284 praesentis
918 1245 1056 1277 celebret
1079 1245 1141 1276 diei

597 1290 707 1322 Mente
732 1292 846 1323 devota
869 1292 1003 1331 populus
1028 1290 1142 1330 fidelis,

598 1338 694 1376 Quam
719 1339 816 1370 sacris
842 1341 934 1370 ornat
955 1338 1076 1371 meritis
1099 1339 1210 1371 beatus

689 1385 746 1416 Vir
767 1385 968 1418 Benedictus.

542 1443 573 1474 2.
600 1441 688 1472 Vixit
710 1441 743 1472 in
766 1442 883 1474 mundo
907 1443 1107 1482 reprobando
1131 1444 1291 1484 mundum,

597 1487 718 1520 Celsior
740 1489 857 1521 mundo
881 1498 1015 1529 superae
1039 1491 1176 1529 gerendo

598 1535 737 1567 Fervido
761 1537 845 1569 vitae
869 1537 1103 1569 meditationem

688 1583 819 1615 Pectore
838 1584 954 1623 jugem.

542 1640 573 1672 3.
598 1637 694 1679 Signa
718 1640 843 1671 virtutis
865 1648 994 1681 operum
1018 1643 1181 1681 potentum

598 1685 746 1718 Densit-as
770 1687 891 1727 pandit,
919 1688 987 1727 quis
1011 1689 1044 1720 in
1070 1689 1136 1728 eJus
1162 1691 1233 1722 aula

598 1732 710 1765 Cordis
735 1743 850 1766 arcana
874 1735 1016 1767 residens
1040 1736 1171 1775 gerebat

687 1781 807 1813 Abdita
831 1790 929 1814 sacra.

540 1839 571 1870 4.
597 1838 737 1878 Asperos
760 1837 852 1871 fortis
877 1843 1006 1879 superat
1028 1840 1162 1880 labores,

596 1885 689 1917 Justa
712 1889 860 1926 sectatur,
885 1888 1021 1920 tumidos
1046 1888 1180 1921 honores

596 1932 725 1971 Spernit
751 1936 782 1965 et
804 1942 921 1974 pravos
948 1935 1063 1974 premit
1087 1937 1246 1976 appetitus

686 1979 806 2012 Cuncta
829 1981 975 2015 scienter.

539 2038 570 2068 5.
596 2035 771 2068 Daemones
794 2037 887 2077 pellit
910 2039 1085 2079 retegitque
1110 2042 1216 2082 corda,

596 2082 660 2114 Res
686 2086 718 2114 et
740 2084 885 2116 absentes
911 2086 1000 2117 videt
1024 2089 1056 2118 et
1080 2085 1213 2129 futuras,

597 2130 744 2162 Membra
767 2132 968 2171 languentum
992 2134 1128 2166 redeunt
1152 2137 1256 2178 saluti,

684 2177 813 2211 Mortua
836 2179 930 2211 vitae.

539 2235 569 2266 6.
596 2233 750 2266 Panditur
773 2236 906 2268 mundus
931 2237 1023 2269 simul
1048 2239 1147 2270 omnis
1172 2241 1230 2284 illi,

593 2281 712 2322 Visque
734 2286 866 2315 naturae
891 2284 1027 2318 violenta
1052 2286 1145 2327 cedit,

595 2327 731 2368 Spiritus
753 2331 855 2370 justos
879 2331 1039 2365 hominum
1063 2337 1207 2373 petentes

683 2376 796 2410 Sidera
820 2379 929 2412 cernit.
