1653 2637
696 143 744 148 -
795 124 837 160 13
886 145 934 151 -.

163 217 216 252 17.
243 215 390 258 {tegique
412 218 573 251 Ezechiae
849 223 904 257 20.
931 219 1002 256 on
1025 224 1058 255 in
1084 223 1185 256 Rama
1209 224 1319 258 audita
1344 228 1393 256 est

243 266 433 298 Imminente
459 267 627 300 transitum
930 269 1140 303 Lamentante
1164 273 1315 315 parvulis,

244 313 349 352 Super
374 313 459 345 vitae
482 315 649 348 'terminum
930 317 1132 351 Lactantium
1159 328 1281 359 quoque
1304 318 1461 352 infantum

244 360 320 400 Quis
345 360 438 393 addit
463 370 561 394 annos
587 363 790 403 quindecim?
933 365 1008 404 Quis
1034 367 1196 399 coronavit
1220 367 1422 405 postmodum
1432 367 1446 398 ‘s

163 427 217 460 18.
245 424 447 461 Samaritana
471 428 586 460 mulier
850 432 907 464 21.
928 428 1060 465 Xristus
1085 440 1143 471 per
1168 433 1354 473 paradisum

243 474 326 506 Dum
352 476 455 507 staret
479 476 521 507 ad
547 478 676 515 puteum
932 478 1149 511 Deambulans
1175 480 1318 523 meridie,

243 521 288 553 Et
313 521 428 553 relicta
451 522 578 566 hydria,
933 527 1036 558 Adam
1062 529 1264 567 praeceptum
1285 529 1473 567 transgredi,

245 571 370 608 Aquam
396 569 427 600 ei
451 571 521 609 quis
542 572 648 609 petit‘.³
932 575 1009 613 Quis
1031 573 1124 614 jubet
1146 578 1266 607 terram
1292 575 1420 607 colere?

164 634 218 669 19,
245 631 414 668 Tiberiadi
438 636 471 667 in
497 636 578 667 mari
851 641 906 673 22.
934 636 1076 673 Ymnum
1101 641 1257 672 canebant
1281 641 1384 682 angeli

245 682 451 715 Piseantibus
477 684 631 723 apostolis
934 686 1132 728 Resurgente
1155 688 1300 727 Domino,

244 729 343 761 Pleno
368 732 438 762 rete
463 731 608 775 piscium,
933 735 1138 767 Ascendente
1161 736 1195 767 in
1221 736 1326 778 caelis,

242 776 378 809 Traetor
402 777 458 809 ille
482 779 551 819 quis
576 777 663 810 fuit?
933 781 986 813 Ad
1006 782 1150 814 dextram
1167 783 1269 822 patris
1282 784 1351 823 quis
1364 780 1480 817 sedet?

531 837 588 868 23.
615 833 737 869 Zelotis
761 836 849 868 Deus
873 840 966 877 pater

616 885 695 916 Post
720 885 932 924 quadraginta
958 885 1069 918 diebus

617 931 710 963 Misit
733 932 775 963 ad
800 933 961 971 apostolos

618 979 815 1011 Paraeiitum
840 980 998 1019 spiritum.

242 1041 312 1069 Cod.
335 1042 504 1070 Bruxellen.
533 1040 694 1071 8860--67.
722 1052 798 1072 saec.
822 1041 864 1072 10.
886 1046 926 1072 in.
970 1042 1012 1079 10,
1033 1044 1053 1073 4
1072 1047 1207 1080 potenter
1225 1045 1321 1072 efficit.
1341 1059 1378 1063 —
1401 1043 1444 1076 16,
1464 1045 1482 1073 :3

166 1080 211 1107 De
236 1081 366 1117 quinque
386 1081 522 1117 panibus.
544 1096 579 1100 —
603 1080 646 1115 16,
670 1079 690 1108 4
704 1082 776 1116 Quis
797 1084 880 1119 pavit
899 1085 935 1110 et.
951 1097 982 1101 —-
1010 1083 1053 1117 17,
1073 1081 1093 1110 4
1112 1085 1207 1111 annis
1227 1099 1266 1103 —
1279 1081 1324 1118 21,
1348 1081 1363 1109 1
1376 1083 1412 1110 In
1432 1083 1483 1111 der

163 1118 210 1145 Hs
241 1117 319 1145 steht
338 1119 391 1154 {3123
420 1119 512 1147 davor
540 1119 595 1146 hat
619 1120 669 1148 der
687 1120 864 1148 Rubricator
883 1120 903 1148 S
924 1123 1048 1157 gesetzt,
1076 1129 1135 1149 was
1156 1121 1285 1157 Spiritus
1306 1121 1399 1158 giobt3
1430 1121 1481 1148 das

165 1156 316 1190 Alphabet
336 1157 448 1184 fordert
467 1158 537 1185 aber
551 1158 587 1191 X,
608 1167 668 1186 was
685 1157 816 1186 Christus
838 1160 951 1195 ergiebi:
994 1160 1041 1187 Da
1061 1159 1132 1187 aber
1150 1160 1178 1187 X
1201 1159 1288 1187 wieS
1302 1159 1479 1196 gespiwelicn

161 1194 276 1260 Xard'd
287 1194 359 1222 lasst
383 1195 446 1223 sich
472 1195 618 1223 allenfalls
645 1195 719 1224 auch
740 1197 808 1232 X1h
834 1197 910 1224 noeh
935 1197 979 1224 als
1001 1197 1127 1233 Spiritus
1154 1197 1295 1226 auflosen.
1323 1211 1358 1216 ——
1386 1195 1435 1230 22,
1462 1195 1480 1224 3

188 1240 256 1260 seen
278 1234 351 1260 ente.

563 1296 590 1327 9.
611 1297 647 1328 In
667 1297 790 1337 Vigilia
808 1297 930 1330 Natalis
949 1298 1081 1330 Domini.

724 1375 771 1405 Ad
788 1376 917 1406 Laudes.

161 1435 191 1467 1.
218 1433 395 1475 Egredere,
420 1433 587 1470 Emanuel,
849 1438 881 1469 3.
908 1436 1023 1475 Sieque
1047 1436 1117 1475 lege
1143 1435 1288 1476 deposita

221 1482 318 1521 Quem
344 1481 504 1514 nuntiavit
530 1480 672 1518 Gabriel,
906 1483 977 1515 Tua
1002 1483 1099 1515 simus
1124 1484 1182 1515 sub
1209 1483 1323 1523 gratia,

220 1529 278 1563 Uti
303 1538 439 1569 sponsus
468 1529 507 1561 de
531 1529 671 1563 thalamo
910 1530 969 1570 Qui
995 1529 1103 1570 aperis
1130 1531 1184 1563 diu
1209 1530 1349 1561 clausum

220 1576 363 1617 Virginis
388 1577 501 1609 matris
525 1579 617 1609 utero
911 1578 1009 1610 Bonis
1034 1579 1178 1611 intrandi
1203 1578 1336 1611 aditum.

160 1636 191 1668 2.
219 1633 358 1675 Spiritus
385 1634 489 1667 saneti
514 1643 611 1675 opere
853 1637 884 1668 4,
912 1636 997 1668 Laus
1023 1636 1065 1667 sit
1089 1636 1176 1674 patri
1198 1637 1230 1667 et
1253 1634 1331 1677 filio,

221 1682 297 1715 Sine
320 1682 406 1714 virili
431 1682 562 1722 semine,
912 1683 1046 1723 Spiritui
1071 1683 1239 1723 paraclito,

217 1731 270 1762 Ad
294 1732 382 1761 tuum
407 1731 589 1762 natalitium
911 1730 1037 1764 Unitati
1062 1730 1105 1762 sit
1128 1731 1230 1771 gloria

218 1777 339 1810 Deiens
364 1778 455 1811 Evae
477 1776 645 1819 flagitium.
911 1779 972 1810 Per
997 1777 1124 1810 infinita
1147 1778 1284 1812 saecula.

235 1844 319 1872 Brev.
341 1853 394 1872 ms.
416 1843 445 1871 S.
461 1843 591 1880 Sophiae
606 1845 831 1872 Beneventanae
852 1852 926 1871 saec.
949 1841 1023 1871 ulie.
1059 1843 1128 1872 eod.
1150 1844 1284 1872 vatican.
1305 1841 1382 1871 4928
1396 1843 1429 1871 A.
1445 1859 1481 1863 ——-

158 1884 245 1911 Brev.
271 1891 325 1910 ms.
347 1882 377 1910 S.
399 1881 530 1918 Sophiae
553 1883 780 1910 Beneventanae
807 1890 882 1910 saec.
905 1880 979 1911 uhu.
1022 1881 1091 1910 Cod.
1112 1881 1300 1919 Neapolitan.
1322 1882 1364 1909 VI
1384 1882 1411 1909 E
1434 1880 1480 1910 43.

158 1921 192 1949 B.
213 1937 251 1941 —
272 1920 343 1948 God.
359 1921 585 1949 Wratisiavien.
609 1921 625 1949 1
644 1922 668 1949 F
688 1918 745 1948 236
773 1929 849 1948 saec.
872 1919 916 1948 15.
939 1921 969 1948 Ο.
991 1935 1028 1939 -
1049 1921 1100 1949 AB
1118 1920 1299 1948 bezeichnen
1317 1921 1373 1948 den
1393 1921 1483 1956 Hym-

158 1969 213 1988 nus
229 1960 273 1988 als
289 1958 319 1987 S.
333 1960 443 1988 Leom‘s
457 1968 561 1996 papae,
582 1961 685 1987 womit
699 1959 772 1987 Leo
788 1959 846 1987 IX.
862 1959 991 1995 gemeint
1005 1960 1053 1988 ist.
1081 1958 1179 1986 Einen
1194 1967 1241 1987 um
1258 1959 1321 1987 drei
1336 1959 1483 1995 {strophen

158 1999 299 2037 langeren
318 1999 395 2027 Text
421 1998 514 2026 bietet
532 1997 708 2031 Milehsaek,
729 1998 842 2031 Hymni
862 2000 892 2025 et
912 1997 1088 2034 Sequens—,iat
1109 1997 1133 2031 1,
1156 1996 1181 2032 6,
1204 1996 1278 2026 ohne
1289 1998 1412 2034 Angabe
1433 1998 1484 2025 dor

160 2038 273 2072 Quelle.
313 2037 379 2065 Von
401 2038 502 2066 seinen
523 2037 671 2074 Strophen
692 2037 820 2064 erweekt
839 2036 887 2064 die
906 2036 1048 2064 vorletzte
1063 2036 1182 2064 Zweifel
1202 2044 1241 2064 an
1260 2036 1340 2064 ihrer
1354 2036 1481 2063 Anthen-

158 2077 263 2104 tieitat.

630 2141 672 2173 10.
692 2140 728 2172 In
748 2138 925 2172 Nativitate
945 2139 1004 2172 DN.

473 2210 612 2249 „Tropho
636 2210 667 2239 in
684 2208 780 2239 Nocte
801 2208 839 2239 ad
860 2211 991 2239 sanctam
1011 2207 1167 2238 Ma1·iam“.

468 2272 499 2307 1.
525 2269 558 2305 A
585 2271 662 2303 solis
687 2272 760 2302 ortu
783 2269 915 2302 cardine
940 2269 1097 2311 quadrato

528 2319 616 2354 Goeii
640 2328 700 2360 per
725 2327 850 2360 gyrum,
876 2318 996 2358 sidera,
1023 2319 1137 2361 rotate,

525 2368 726 2409 Redemptor
751 2367 826 2408 quia
850 2367 941 2402 venit,
966 2375 1037 2398 eum
1062 2366 1167 2399 salute

572 2416 680 2450 Hodie
704 2418 809 2450 natus.
