1653 2637
693 118 926 154 ‘79-

156 217 189 249 3.
216 216 281 255 Quo
307 215 397 257 virgo
423 214 525 258 fulget
548 217 716 259 virginum,

214 263 275 295 Tui
300 263 438 303 genitrix
463 263 533 304 filii,

217 311 283 350 Quo
304 311 426 351 jugiter
449 314 482 344 te
506 312 670 353 splendidi

215 358 375 399 Laudant,
402 359 539 392 adorant
561 360 675 400 angeli.

156 427 187 459 4.
214 425 274 457 His
300 426 430 466 junctus
456 429 488 458 et
513 428 670 459 consortio

215 474 413 506 Praecursor
438 476 469 506 et
495 476 688 517 cognomine,

218 521 295 554 Cum
320 522 514 561 patriarchis
539 523 683 555 omnibus

217 569 396 609 Vatumque
420 570 539 610 gaudet
564 569 716 606 coetibus,

159 638 190 669 5.
218 636 304 675 Quae
326 636 443 679 lingua,
471 645 550 677 quae
567 645 629 668 vox
646 638 784 677 explicet

213 684 441 723 Apostolorum
467 684 612 725 gloriam,

216 731 285 762 Aut
310 731 472 763 candidati
496 734 654 770 martyres

216 778 336 817 Quibus
363 779 486 811 coronis
510 777 667 811 emicent?

841 218 873 250 6.
898 215 1066 248 Donantur
1090 211 1159 244 illic
1183 210 1326 252 praemia

898 264 1040 295 Aeterna
1065 258 1308 299 confessoribus,

899 312 1025 351 Agnum
1048 310 1214 349 sequentes
1237 307 1377 347 virgines

898 358 989 392 Novo
1014 357 1172 390 resultant
1196 354 1329 387 cantico.

843 428 872 459 7.
899 425 1022 458 Horum
1044 425 1177 464 precatu
1199 424 1332 462 protege

898 474 964 506 Hic
987 481 1044 505 nos
1069 472 1228 513 gementes
1254 469 1378 501 exsules

900 521 945 553 Et
971 520 1021 552 his
1047 520 1158 552 beatae
1181 518 1306 559 patriae

902 568 1053 609 Adjunge
1076 567 1206 599 tandem
1232 564 1363 598 civibus,

843 638 875 670 8.
903 636 969 674 Quo
995 637 1036 677 te,
1063 637 1165 675 pater,
1193 641 1262 664 cum
1286 630 1353 664 filio

899 684 973 716 Una
995 690 1064 714 cum
1089 683 1198 713 sancto
1223 679 1338 720 spiritu

903 730 1063 762 Possimus
1090 729 1174 761 omni
1198 730 1342 768 tempore

899 777 1051 810 Laudare
1072 785 1154 817 puro
1177 778 1316 816 pectore.

232 864 342 898 Hymn.
364 872 417 891 ms.
437 863 616 892 Veronensis
637 872 713 892 saec.
735 862 778 892 11.
811 862 880 891 Cod.
898 862 992 899 Capit.
1005 863 1152 890 Veronen.
1176 859 1240 890 109.
1254 861 1288 888 A.
1310 860 1469 895 —Hymm

157 910 210 928 ms.
236 910 310 930 saec.
339 898 417 937 1³l14.
459 902 527 930 Cod.
561 902 815 938 Guelfenbyteran.
843 902 882 929 H.
912 900 993 929 1217.
1013 901 1046 929 B.
1072 915 1109 919 —
1134 900 1241 935 Hymn.
1269 907 1322 927 ms.
1342 898 1470 935 Egmon-

157 940 250 968 tensis
276 948 352 968 saec.
379 938 452 968 1(Ἦε.
499 939 567 968 Οοᾱ.
593 941 708 978 Hagen.
732 942 762 970 X
789 938 852 969 142.
881 939 913 968 Ο.
944 954 983 960 --
1007 940 1093 967 Brev.
1118 947 1172 966 ms.
1200 937 1472 973 Quedlinburgense

157 986 234 1005 saec.
258 975 301 1006 15.
330 977 398 1006 Οοᾱ.
414 978 661 1015 Quedlinburgen.
684 977 739 1007 132
754 979 789 1007 D.
811 993 847 999 —
862 978 947 1006 Mei:
969 977 993 1004 O
1013 978 1144 1014 gloriosa
1163 977 1281 1004 domina
1296 974 1326 1002 C.
1347 989 1385 994 ——
1406 974 1431 1008 1,
1453 972 1471 1001 2

158 1024 193 1044 ac
211 1016 287 1044 fehlt
305 1016 363 1045 ΒΟ.
384 1033 422 1037 —
442 1015 474 1052 1,
495 1015 515 1044 4
533 1017 641 1045 Adesto
662 1017 788 1045 clemens
807 1017 841 1046 B.
861 1032 899 1037 ——-
919 1015 946 1051 2,
969 1014 984 1044 1
1005 1022 1147 1052 prospera
1164 1015 1199 1042 A.
1219 1029 1250 1034 —
1277 1011 1304 1047 4,
1326 1012 1341 1041 1
1359 1012 1470 1049 junctis

159 1054 190 1082 Ο.
214 1069 249 1073 —
268 1052 295 1088 4,
317 1053 335 1081 2
356 1057 401 1082 est
420 1056 592 1091 cognomine
611 1055 645 1085 B.
666 1071 704 1075 —-
724 1054 750 1089 5,
770 1053 788 1083 3
808 1054 867 1082 Aut
888 1063 963 1091 quae
982 1053 1132 1081 candidati
1151 1053 1186 1081 A.
1206 1066 1243 1072 ·—
1265 1051 1290 1086 6,
1311 1050 1328 1078 2
1341 1052 1471 1080 Aeterna-

158 1092 234 1120 fehlt
244 1094 278 1121 B.
299 1107 336 1111 —
355 1091 382 1127 7,
405 1091 421 1120 1
440 1095 562 1128 precatu
583 1102 637 1129 sup
651 1096 717 1129 tege
729 1093 763 1121 B.
784 1107 820 1113 -
842 1093 868 1127 7,
889 1092 907 1121 3
920 1093 968 1120 Ex
986 1092 1032 1119 his
1045 1091 1080 1119 A.
1101 1105 1138 1110 —-
1157 1089 1184 1125 8,
1206 1088 1222 1117 1
1235 1093 1349 1124 patrem
1361 1090 1419 1118 ΒΟ.
1433 1103 1470 1109 ω-

158 1129 195 1164 8,
223 1129 240 1157 2
265 1130 308 1158 Et
327 1132 434 1167 spiritu
453 1131 597 1167 paraclito
617 1131 675 1159 ΒΟ.
700 1147 737 1151 —
764 1129 796 1165 8,
818 1129 835 1159 3
854 1132 946 1159 Laeto
968 1132 1105 1158 canentes
1124 1132 1242 1166 pectore
1260 1127 1317 1157 ΒΟ.
1338 1143 1375 1148 —
1395 1126 1427 1164 8,
1454 1125 1475 1155 4

157 1169 326 1197 Laudemus
346 1171 428 1197 omni
446 1171 578 1205 tempore
596 1169 631 1197 B.

597 1347 661 1378 124.
691 1347 735 1378 De
757 1345 902 1378 Omnibus
922 1347 1055 1378 Sanctis.

159 1427 190 1460 1.
219 1427 341 1459 Lumen
366 1428 551 1459 cunctorum
575 1427 738 1468 luminum,

217 1475 402 1507 Illustrator
426 1473 581 1516 fidelium,

216 1522 290 1554 Tibi
315 1531 376 1563 quo
401 1523 526 1562 possint
550 1523 687 1555 reddere

214 1570 344 1602 Laudes
369 1570 454 1602 omni
479 1571 513 1603 in
537 1573 691 1611 tempore,

158 1640 191 1670 2.
217 1636 319 1670 Nobis
343 1638 616 1678 perseverantiam

215 1686 322 1726 Atque
349 1685 432 1717 dona
457 1686 674 1729 constantiam,

217 1732 274 1776 Ut,
301 1742 356 1766 ore
380 1733 465 1772 quod
490 1732 695 1774 proferimus„

215 1781 325 1813 Mente
352 1782 475 1812 constet
502 1780 665 1814 divinitus.

159 1849 189 1881 3.
216 1847 310 1879 Licet
333 1856 502 1889 gravemur
526 1848 658 1880 nimium

215 1896 324 1928 Pressi
351 1896 434 1928 mole
457 1894 644 1940 facinorum,

214 1944 333 1976 Preces
357 1946 475 1984 tamen,
502 1953 580 1985 quas
605 1943 780 1989 fundimuS,

215 1992 303 2025 Audi
328 1992 475 2034 benigne,
502 2001 701 2033 quaesumus.

155 2062 188 2095 4.
213 2060 322 2093 Mater
345 2060 452 2093 Maria
475 2059 603 2103 nobilis,

213 2109 275 2141 Tui
300 2107 433 2141 factoris
456 2109 586 2150 sobolis,

213 2157 313 2199 Virgo
337 2160 413 2198 post
436 2160 563 2198 partum
588 2158 723 2199 integra,

212 2205 310 2238 Haud
334 2214 425 2238 secus
453 2208 549 2247 atque
573 2208 679 2247 antea,

153 2276 186 2310 5.
212 2274 316 2307 Tuum
343 2283 441 2307 exora
465 2272 577 2315 filium,

211 2322 310 2362 Quem
334 2331 391 2356 nos
419 2322 549 2355 colimus
575 2322 713 2362 unicum,

212 2371 263 2403 Ne
288 2371 400 2404 ulcisci
425 2370 473 2403 sic
497 2370 607 2412 libeat,

211 2419 258 2452 Ut
282 2419 377 2460 culpa
401 2421 514 2452 nostra
537 2419 672 2452 indicat.

871 1429 902 1462 6.
918 1427 1015 1460 Chori
1044 1427 1197 1461 virtutum
1223 1426 1371 1466 omnium,

919 1475 1111 1508 Coelestium
1134 1475 1316 1515 spirituum,

915 1523 1003 1556 Coeli
1030 1524 1113 1555 cives
1139 1522 1332 1563 archangeli,

919 1570 1087 1603 Cherubim
1114 1573 1209 1611 atque
1232 1570 1349 1611 angeli,

869 1641 901 1673 7.
915 1638 1031 1680 Lapsis
1055 1639 1146 1671 nobis
1171 1637 1349 1670 succurrite

914 1687 1011 1719 Multi
1036 1687 1161 1727 peccati
1185 1686 1329 1726 pondere

917 1735 1016 1774 Apud
1043 1734 1134 1767 illum
1158 1733 1357 1774 suppliciter,

918 1782 975 1814 Cui
999 1783 1135 1814 adstatis
1159 1781 1287 1822 jugiter.

869 1850 901 1883 8.
916 1848 1177 1881 Patriarcharum
1203 1849 1311 1880 concio

914 1897 964 1928 Ac
987 1896 1216 1937 prophetarum
1240 1896 1333 1937 legio,

916 1945 1016 1977 Vobis
1041 1944 1235 1985 praescitum
1260 1945 1392 1977 coelitus

914 1992 1015 2032 Modi,
1043 1993 1112 2034 quis
1138 1994 1226 2025 venit
1249 1993 1413 2025 Dominus.

870 2062 902 2094 9.
916 2059 1070 2092 Nostrum
1095 2059 1220 2092 firmum
1244 2059 1440 2101 praesidium

913 2108 1029 2141 Estote
1055 2117 1095 2141 ac
1117 2107 1286 2151 refugium,

915 2156 1014 2189 Vobis
1038 2157 1197 2198 possimus
1222 2157 1372 2199 gaudium

913 2205 1044 2238 Habere
1071 2214 1132 2246 quo
1157 2208 1358 2247 perpetuum.

846 2273 898 2307 ⁴10.
916 2272 1057 2305 Gloriosi
1081 2274 1229 2315 apostoli,

913 2320 1140 2362 Evangelistae
1163 2321 1303 2363 Domini,

914 2368 1020 2402 Electi
1044 2370 1154 2403 mundi
1178 2371 1352 2413 principes,

915 2417 1097 2451 Prudentes
1120 2418 1241 2453 Christi
1265 2419 1395 2462 milites,
