1653 2637
737 150 992 186 -143—

392 246 423 278 3.
450 245 545 278 Hunc
569 246 794 287 subsequentes
819 250 947 280 sanctae
972 250 1092 286 septem
1118 243 1264 286 feminae,

450 292 492 325 Se
518 292 713 327 Christianas
738 295 969 328 conclamantes
994 296 1132 336 strenue,

450 339 680 381 Martyrizatae
704 341 781 375 Jesu
806 342 924 375 Christi
947 341 1073 374 nomine

450 388 622 421 Possident
647 388 726 421 coeli
751 391 892 422 lauream
917 389 1078 422 victoriae.

391 446 422 478 4.
454 444 566 485 Capite
591 454 701 478 caesus
725 445 870 486 pontifex
894 446 1036 487 eximius,

452 491 581 526 Coelum
606 494 767 527 exsultans
793 494 1024 535 contemplatur
1047 492 1182 533 plenius,

452 542 514 573 Pro
540 550 600 581 quo
623 542 821 582 contempsit,
848 541 1002 583 quidquid
1028 543 1076 573 est
1096 539 1240 580 inferius,

452 588 602 629 Resurgit
625 587 689 620 fine
712 589 822 621 mundi
846 589 1023 632 gloriosius,

451 635 557 668 Judex
582 636 706 667 sedebit
732 645 801 668 cum
826 636 1106 670 contribunalibus.

396 693 427 725 5.
453 693 584 725 Praesul
607 692 750 736 insignis,
776 696 900 734 martyr
924 692 1148 731 sacratissime,

448 740 512 772 Pro
537 739 599 771 tuis
629 748 685 771 ora
709 739 837 772 famulis
862 740 999 781 assidue,

450 786 510 826 Qui
534 788 588 818 tua
611 786 718 818 colunt
741 786 824 821 festa
851 788 1064 828 devotissime,

448 834 564 873 Lapsis
589 833 640 866 fer
664 843 766 875 opem,
792 836 881 875 pacis
906 837 1014 868 hostes
1039 843 1158 878 amove,

447 880 636 914 Nostrorum
661 883 772 915 sordes
796 886 999 922 peccatorum
1022 882 1125 916 ablue.

390 940 420 972 6.
449 938 498 971 Sit
525 939 662 971 trinitati
687 940 865 979 coaequalis
890 940 1001 982 gloria,

449 986 509 1025 Qui
533 987 618 1018 solus
641 986 729 1019 Deus
754 990 828 1020 ante
854 989 966 1020 cuncta
989 987 1124 1029 saecula,

449 1034 548 1065 Trina
571 1034 722 1074 majestas
747 1038 779 1067 et
802 1044 865 1067 una
889 1034 1078 1073 substantia,

451 1081 562 1114 Deitas
586 1091 660 1122 una,
685 1084 837 1124 potestas,
864 1083 1010 1123 essentia,

449 1129 545 1168 Laus,
572 1129 682 1172 honor,
706 1130 817 1171 virtus,
844 1131 928 1163 salus
955 1134 987 1162 et
1011 1130 1154 1163 victoria.

273 1214 355 1241 Offie.
381 1222 435 1240 ms.
456 1213 486 1241 S.
506 1213 602 1241 Blasii
628 1221 704 1241 saec.
728 1212 771 1242 15.
799 1215 839 1241 in.
880 1214 949 1243 Ood.
970 1213 1187 1242 Darmstadien.
1209 1211 1291 1241 1021.
1319 1228 1356 1232 —-
1385 1211 1414 1247 1,
1441 1211 1456 1241 1
1478 1216 1508 1241 et,

197 1250 291 1280 honor
311 1260 428 1279 corona.
449 1266 487 1272 —-
507 1250 565 1279 Str.
586 1250 604 1280 3
623 1251 697 1280 fehlt
717 1254 782 1281 eine
800 1253 889 1280 Zeile.
910 1267 946 1272 -—
968 1252 992 1287 6,
1014 1251 1032 1280 2
1052 1254 1157 1280 cuncta
1176 1252 1302 1288 erganzt.

657 1401 724 1433 239.
754 1402 798 1434 De
819 1403 927 1434 saneto
948 1401 1062 1434 Blasio.

484 1492 515 1526 1.
542 1492 716 1525 Concordis
739 1501 833 1525 sexus
857 1491 959 1524 Blasii
986 1494 1118 1533 uterque

542 1540 649 1572 Plebis
673 1540 707 1572 in
732 1539 814 1572 festo
839 1540 969 1573 vocibus
993 1540 1160 1581 psallendo

544 1587 718 1620 Concurrat
741 1588 844 1621 sancti
868 1587 1028 1630 martyris,
1054 1590 1224 1628 patronum

588 1637 686 1676 Quem
710 1635 800 1669 dedit
820 1635 976 1669 Christus.

483 1694 515 1726 2.
542 1693 655 1726 Omnia
677 1693 739 1725 Dei
764 1694 893 1725 strenue
918 1693 1071 1725 calcando

543 1740 668 1773 Saeculi
692 1741 785 1781 hujus
810 1740 1028 1773 blandimenta
1052 1748 1144 1782 vana,

543 1788 654 1820 Palam
681 1787 876 1820 confundens
898 1788 1039 1829 judicem
1064 1787 1182 1820 virtute

588 1835 801 1878 Agricolam,

483 1894 514 1927 3.
542 1892 614 1925 Non
638 1895 735 1932 pavet
758 1892 872 1933 minas,
898 1892 1036 1925 vincitur
1059 1901 1119 1924 nec
1143 1892 1279 1933 blandis,

541 1940 673 1974 Resistit
698 1949 798 1982 usque
822 1941 965 1981 agonista
991 1939 1094 1980 fortis,

541 1990 578 2021 In
604 1999 639 2021 se
662 1991 808 2029 reportat
831 1989 1024 2022 sententiam
1048 1996 1182 2028 nequam

589 2038 746 2072 Cruentae
769 2037 892 2070 mortis.

480 2096 513 2129 4.
538 2095 619 2136 Regi
645 2095 805 2127 coelorum
829 2094 978 2135 spiritum
1003 2094 1238 2133 commendant,

538 2142 604 2175 Dat
629 2151 742 2183 corpus
767 2146 874 2175 terrae
898 2143 1001 2175 libens
1027 2142 1210 2183 moriturus,

537 2191 656 2224 Laetus
682 2191 847 2233 abscessit,
876 2190 1017 2224 debitum
1040 2194 1173 2223 naturae

587 2240 641 2272 Sic
665 2239 869 2273 exsolvendo.

482 2298 513 2331 5.
539 2297 698 2330 Ascendit
721 2297 859 2337 primum
884 2296 1043 2336 praesidis
1069 2296 1111 2329 ad
1136 2299 1242 2329 votum

537 2345 617 2379 Laci
641 2344 804 2385 profunda
825 2344 1008 2385 intrepidus
1030 2344 1174 2385 multum,

538 2395 685 2434 Apparet
717 2394 805 2426 unda
827 2395 937 2424 sancto
963 2392 1102 2424 solidata

586 2442 688 2474 Terra
714 2440 859 2474 calcanti.
