1653 2637
694 115 931 151 ἓω-

592 217 638 248 89.
670 216 705 248 In
726 216 929 257 conceptione
948 217 1037 248 BMV.

712 294 760 324 Ad
779 294 918 324 Primam.

161 361 189 392 l.
217 361 344 393 Aurora
367 361 481 392 stellae
505 362 643 402 lucidae,
841 364 873 395 2.
900 362 950 394 Tu
975 361 1083 402 genita
1107 369 1165 401 per
1192 361 1372 401 Dominum,

216 407 323 440 Maria
347 407 444 448 plena
468 409 601 449 gratiae,
903 409 999 449 Cujus
1024 408 1164 449 portasti
1185 407 1296 449 filium,

213 456 322 488 Mater
346 455 595 498 misericordiae,
902 458 960 496 Qui
986 456 1117 488 veniens
1144 456 1186 488 ad
1212 456 1371 487 saeculum

218 501 360 535 Crimina
384 504 462 535 tolle
485 512 569 535 nunc
594 503 694 537 Evae.
902 504 990 536 Tulit
1014 504 1104 535 Evae
1128 502 1316 544 periculum.

569 574 600 605 3.
630 571 741 603 Gloria
764 571 833 614 tibi,
860 571 1005 608 Domine,

628 618 688 658 Qui
710 619 885 658 permisisti
910 617 1006 650 hodie

627 666 766 698 Matrem
787 669 874 698 tuam
894 665 1070 704 concipere,

630 712 769 745 Mariam
794 713 920 753 plenam
941 713 1072 753 gratiae.

156 825 212 853 aad
233 788 318 854 ἓξὲξ.
340 789 756 854 ¹1141ls1¹⁵Romano-Franczisean-
785 797 860 816 saec.
890 786 933 816 14.
962 790 1002 816 in.
1044 787 1113 815 Cod.
1135 786 1232 823 Capit.
1259 786 1360 814 Patav.
1382 787 1405 814 Β
1426 783 1471 813 56.

600 918 647 949 90.
677 918 713 949 In
734 918 936 959 conceptione
958 918 1045 950 BMV.

727 995 776 1025 Ad
795 996 901 1026 Horas.

158 1065 188 1098 1.
217 1064 343 1097 Mariae
364 1065 431 1104 jam
458 1066 623 1104 conceptio
845 1067 875 1099 2.
901 1065 982 1104 Ave,
1008 1065 1112 1105 rigata
1138 1063 1269 1096 coelitus

218 1112 315 1145 Adsit
337 1114 449 1144 nostra
470 1111 613 1144 defensio
904 1111 1128 1151 Conceptaque
1155 1111 1317 1150 divinitus,

216 1159 262 1192 Et
288 1160 475 1191 daemonum
502 1160 700 1194 obstaculum
904 1160 963 1198 Qui
989 1163 1020 1190 te
1047 1159 1168 1191 creavit
1192 1158 1336 1200 provide,

215 1207 354 1239 Reorum
380 1207 507 1239 solvens
532 1207 689 1247 laqueum.
903 1206 1066 1239 Defendat
1087 1215 1144 1239 nos
1169 1216 1189 1238 a
1215 1206 1377 1238 daemone.

597 1276 628 1308 3.
656 1273 767 1306 Gloria
792 1274 860 1313 tibi,
889 1274 1033 1307 Domine.

157 1386 213 1414 add
233 1348 318 1414 ἷξες.
339 1349 748 1414 ffiJJ-‚Romano'ffi'anciscan'
770 1356 846 1376 sace.
869 1347 913 1376 14.
934 1350 974 1376 in.
1017 1348 1085 1376 Cod.
1109 1348 1202 1384 Capit.
1222 1347 1360 1374 Patavini
1379 1347 1403 1374 B
1425 1344 1471 1373 56.

602 1479 643 1511 91.
673 1479 706 1511 ln
729 1478 931 1520 Conceptionc
953 1478 1040 1510 mlv.

688 1556 725 1585 In
746 1556 771 1585 1.
791 1555 941 1593 Vesperis.

159 1626 191 1659 1.
220 1625 344 1668 Gaude,
372 1629 475 1658 mater
501 1625 681 1665 salvatoris,
854 1628 885 1658 5.
911 1624 1086 1666 Babylonis
1109 1632 1169 1656 rex
1191 1624 1226 1656 in
1249 1623 1402 1663 praedam

219 1673 331 1714 Magni
357 1673 459 1705 vellus
488 1673 657 1714 Gedeonis
910 1673 981 1706 Non
1007 1673 1143 1705 abduxit
1167 1675 1199 1703 te
1225 1670 1392 1712 captivam,

221 1721 344 1760 Rubus,
371 1722 446 1762 igne
471 1722 527 1760 qui
551 1730 613 1752 non
639 1721 716 1758 urie,
908 1720 1074 1754 Philistaei
1099 1728 1158 1752 nec
1184 1719 1296 1752 Goliae

219 1769 298 1801 Veri
322 1769 477 1809 templum
504 1768 681 1800 Solomonis
906 1768 951 1800 Es
976 1766 1131 1800 transfixa
1153 1767 1301 1808 pugione.

157 1838 188 1868 2.
218 1835 343 1876 Sponsa
364 1835 436 1874 Dei,
464 1835 559 1866 stella
582 1834 691 1876 maris,
849 1836 879 1867 6.
907 1833 996 1867 Sicut
1020 1844 1110 1866 suum
1135 1834 1183 1866 sol
1207 1833 1342 1865 nitorem

218 1884 318 1916 Porta
344 1883 424 1915 coeli
451 1886 484 1914 tu
510 1883 644 1920 vocaris,
908 1882 1076 1922 Nunquam
1102 1881 1211 1921 perdit
1234 1890 1293 1913 nec
1320 1881 1465 1912 decorem

215 1930 332 1964 Mundi
358 1931 455 1971 salus,
483 1930 657 1962 saevientis
908 1930 1007 1962 Primi
1028 1930 1131 1970 patris
1155 1938 1216 1961 nec
1239 1932 1275 1960 tu
1297 1929 1404 1961 labem

217 1979 322 2019 Caput
347 1979 485 2011 caedens
510 1977 708 2011 Holofernis.
906 1977 1014 2011 Ullam
1039 1978 1138 2010 sentis
1164 1985 1224 2009 nec
1249 1975 1406 2009 foetorem

156 2050 187 2082 3.
215 2047 309 2079 Mare
334 2047 419 2079 sicco
446 2046 527 2079 calle
552 2046 671 2078 transis
846 2047 876 2078 7.
905 2046 954 2078 Tu
977 2046 1024 2078 sol
1051 2054 1196 2078 occasum
1222 2044 1366 2076 nesciens

217 2096 338 2129 Currus
363 2103 510 2136 mergens
535 2094 713 2128 Pharaonis
903 2094 1058 2134 Lunaque
1082 2101 1210 2132 semper
1234 2092 1379 2132 rutilans,

216 2143 318 2183 Inque
343 2142 421 2176 Sion
446 2143 622 2176 dominaris
904 2141 954 2174 Tu
979 2141 1069 2174 sidus
1093 2142 1200 2173 lumen
1224 2141 1364 2182 pariens,

214 2191 321 2224 Pulsis
346 2191 422 2224 inde
447 2190 626 2225 Jebusaeis.
903 2190 1023 2223 Delicti
1047 2189 1147 2222 nubes
1170 2188 1357 2230 profugans,

151 2261 184 2294 4.
210 2258 345 2290 Assueri
372 2258 456 2298 regis
482 2259 644 2298 sceptrum
843 2258 874 2291 8.
902 2256 1018 2289 Nullus
1043 2257 1077 2289 in
1102 2259 1135 2288 te
1160 2255 1354 2289 confidentes

214 2306 317 2346 Caput
343 2308 487 2348 tangens,
518 2307 619 2347 virgo,
646 2308 735 2337 tuum
905 2304 1052 2345 Unquam
1077 2305 1162 2337 vidit
1182 2303 1341 2344 infelices,

207 2354 295 2387 Mori
319 2353 398 2387 fecit
419 2355 600 2395 laqueatum
903 2353 989 2386 Vere
1012 2353 1073 2385 tibi
1097 2361 1171 2385 nam
1199 2353 1343 2392 devotus,

211 2403 313 2434 Aman
339 2403 459 2435 sanctis
484 2401 657 2434 inimicum.
906 2400 967 2434 Est
990 2409 1131 2444 necesse⁷
1158 2401 1202 2432 sit
1225 2400 1347 2435 beatus.
