1653 2637
697 124 953 163 —231—

585 219 652 253 407.
684 220 727 252 De
747 222 858 253 sancta
878 221 1070 261 Margareta.

164 300 195 335 1.
223 300 342 341 Pange,
368 300 486 345 lingua,
513 302 720 342 Margaretae

273 358 406 389 v1rg1n1s
430 350 614 390 praeconia,

226 396 347 428 Summi
374 400 481 429 castae
505 406 643 437 sponsae
668 397 762 441 regis,

273 453 367 484 quam
392 444 506 477 laudat
530 445 667 477 ecclesia

224 491 394 534 Universa,
420 502 494 525 nam
519 495 728 532 temptantem

273 540 365 573 trivit
391 548 460 572 cum
487 541 632 574 victoria.

167 598 199 630 2.
225 596 309 628 Dum
337 598 529 637 contempsit
553 596 665 629 furiosi

273 647 483 685 praeceptum
509 645 645 685 Olybrii,

226 693 391 725 Idolorum
416 693 540 733 sprevit
566 694 684 724 cultum

275 748 334 779 spe
360 740 506 771 coelestis
532 740 677 779 praemii,

228 787 436 827 Mancipatur
460 787 638 819 tenebrosis

276 844 350 866 mox
374 835 454 866 locis
480 835 642 874 ergastuli.

168 894 199 926 3.
226 892 436 932 Flagellatur,
463 894 682 924 concrematur

273 939 383 980 ignitis
412 939 626 980 lampadibus,

229 987 421 1019 Constanter
445 996 508 1019 non
534 987 709 1027 suspiravit

275 1035 387 1075 poenis
413 1034 630 1077 horribilibus,

229 1082 384 1115 Coronari
409 1083 466 1114 sed
493 1082 617 1122 optavit

276 1130 396 1161 sanctis
423 1139 494 1161 cum
519 1129 707 1169 virginibus.

856 305 887 336 4.
913 303 1102 336 Extendens
1129 304 1286 336 cervicem
1311 312 1436 335 sacram

963 352 1172 390 exspectabat
1195 352 1347 392 gladium,

915 399 1002 431 Petit
1024 399 1063 430 ab
1088 398 1197 439 iniquo
1222 399 1352 431 Malcho

964 446 1118 478 exorandi
1147 447 1296 488 spatium,

918 494 1070 525 Precatus
1102 494 1208 526 cordis
1235 496 1267 525 et
1291 494 1355 525 oris

966 541 1081 573 direxit
1107 542 1149 573 ad
1174 542 1355 574 Dominum.

859 620 889 632 ..
916 598 1013 630 Bonis
1039 599 1156 637 spretis
1182 600 1214 629 et
1239 598 1404 637 completis

964 645 1130 677 tormentis
1160 646 1343 677 crudelibus

918 693 1043 732 Sponsa
1065 692 1184 725 Christi
1209 693 1355 732 speciosa

963 740 1107 780 jungitur
1129 740 1333 780 martyribus,

918 787 1020 827 Caput
1046 792 1190 819 sanctum
1217 788 1393 820 decollatur

966 835 1069 866 saevis
1100 835 1314 867 carnificibus,

883 919 890 925 .
920 891 1064 924 Genitori
1089 892 1260 932 genitoque

962 940 1032 971 laus
1059 942 1090 970 et
1111 940 1271 981 jubilatio,

919 986 1022 1026 Salus,
1049 987 1159 1026 honor,
1187 987 1288 1018 virtus
1315 994 1437 1025 quoque

967 1035 1010 1065 sit
1035 1036 1067 1065 et
1090 1033 1281 1072 benedictio,

919 1081 1111 1114 Procedenti
1136 1081 1175 1113 ab
1200 1083 1335 1120 utroque

968 1137 1098 1168 compar
1122 1129 1162 1160 sit
1189 1128 1341 1161 laudatio.

245 1213 366 1249 Antiph.
387 1221 441 1241 ms.
462 1214 630 1241 Lubicense
649 1221 725 1240 saec.
749 1211 792 1241 15.
834 1213 905 1241 Cori.
925 1213 1067 1240 Lubicen.
1088 1220 1110 1238 s·
1131 1221 1161 1239 n.

588 1362 658 1394 408.
692 1362 734 1393 De
754 1365 865 1393 sancta
883 1361 1076 1401 Margareta.

170 1446 201 1479 1.
228 1445 346 1484 Pange,
372 1443 491 1485 lingua,
516 1443 722 1483 Margaretae

275 1491 458 1523 Lacr-imam
484 1493 516 1522 et
540 1491 701 1533 gaudium,

227 1539 373 1572 Laudem
398 1541 513 1571 sonent
536 1547 631 1570 voces
655 1538 760 1569 laetae

274 1586 325 1619 De
350 1589 504 1618 concentu
530 1586 685 1626 cordium,

227 1634 473 1675 Applaudentes
498 1634 564 1665 sint
588 1633 730 1665 athletae

276 1682 398 1714 Laetae
419 1684 494 1722 post
518 1681 721 1721 supplicium.

168 1743 200 1774 2.
227 1739 323 1772 Hanc
348 1739 498 1778 Olybrius
528 1738 658 1770 molitur

277 1787 441 1826 Virginem
466 1786 628 1826 seducere,

229 1835 301 1868 Nec
325 1834 492 1874 promissis
518 1833 678 1865 emollitur

276 1882 347 1915 Nec
371 1884 513 1914 terretur
535 1880 681 1922 verbere,

228 1930 446 1971 Compeditur,
480 1929 660 1961 custoditur

275 1979 394 2011 Taetro
420 1979 530 2010 clausa
555 1985 695 2010 carcere.

168 2041 200 2073 3.
229 2037 402 2070 Carcerata
427 2035 603 2077 deglutitur

273 2085 304 2117 A
328 2086 445 2118 ventre
468 2081 633 2124 pestifero,

225 2133 409 2175 Liberatur,
439 2133 514 2164 dum
539 2130 693 2170 munitur,

275 2181 372 2222 Signo
398 2178 575 2222 salutifero,

226 2229 373 2261 Daemon
398 2228 481 2260 alter
507 2226 708 2267 compeditur

275 2276 416 2317 Virginis
444 2277 602 2308 calcaneo.

857 1444 889 1476 4.
915 1442 994 1474 Post
1020 1441 1134 1472 educta
1157 1440 1344 1481 Margareta

964 1486 1166 1521 Praefectum
1192 1487 1359 1527 Olybrium

915 1536 989 1568 Non
1013 1534 1177 1575 formidat,
1210 1535 1285 1575 quia
1308 1535 1393 1566 laeta

964 1583 1107 1615 Sustinet
1130 1583 1318 1622 martyrium

916 1632 961 1664 Et
986 1629 1154 1663 confundit
1177 1630 1268 1661 verbi
1294 1633 1380 1661 meta

963 1679 1101 1710 Errores
1126 1678 1302 1718 gentilium.

884 1762 891 1770 .
918 1735 1065 1767 Pendens
1091 1743 1196 1775 ungue
1219 1735 1391 1774 laceratur,

964 1783 1146 1821 Torquetur
1170 1782 1329 1820 incendio,

919 1830 1025 1870 Virgis
1052 1838 1144 1861 caesa
1168 1830 1323 1869 religatur

967 1877 1104 1909 Frustra
1126 1886 1232 1908 mersa
1258 1877 1353 1910 dolio.

919 1926 996 1959 Cum
1017 1933 1080 1964 qua
1105 1925 1234 1957 tandem
1262 1925 1441 1957 decollatur

968 1972 1108 2005 Credens
1134 1973 1234 2005 multa
1259 1973 1379 2006 concio.

886 2059 891 2065 .
918 2030 1024 2070 Hujus
1050 2038 1124 2070 ergo
1151 2031 1311 2062 concionis

971 2077 1131 2110 Concordi
1157 2078 1336 2110 constantia

919 2128 992 2159 Vim
1016 2126 1174 2158 humanae
1194 2126 1352 2166 passionis

966 2175 1042 2207 Pari
1067 2174 1224 2214 patientia

920 2222 1124 2264 Superemur,
1150 2225 1187 2254 ut
1211 2231 1282 2253 cum
1306 2221 1398 2253 bonis

966 2270 1139 2303 Laetemur
1162 2271 1196 2302 in
1221 2270 1333 2311 gloria.

243 2361 337 2389 Psalt.
364 2369 418 2389 ms.
439 2361 469 2389 S.
489 2361 604 2388 Mariae
629 2359 667 2387 acl
686 2357 802 2387 Gradus
832 2357 904 2384 anni
925 2353 1007 2383 1502.
1050 2355 1118 2384 Cocl.
1140 2356 1249 2384 Semin.
1273 2354 1424 2383 Colonien.
1444 2352 1491 2382 49.

165 2402 202 2430 A.
231 2415 269 2420 ——
293 2399 387 2427 Psalt.
414 2408 468 2427 ms.
497 2399 526 2427 S.
552 2399 668 2426 Mariae
693 2396 731 2424 ad
756 2395 872 2425 Gradus
900 2396 970 2422 anni
992 2392 1075 2421 1542.
1116 2394 1187 2423 Cod.
1209 2394 1319 2422 Semin.
1340 2392 1492 2421 Colonien.

166 2438 213 2468 52.
234 2439 268 2467 Β.
290 2453 326 2457 --
351 2436 377 2472 6,
398 2435 416 2464 5
436 2440 471 2465 ut
490 2446 557 2465 cum
573 2436 663 2472 justis
681 2436 714 2463 B.
735 2450 773 2455 —-
792 2434 869 2462 Mel:
890 2433 992 2468 Pange
1011 2432 1125 2468 lingua.
