1653 2637
733 147 994 183 Β--213-4-

283 237 389 268 Officia
408 239 459 269 SS.
480 241 597 278 Annae,
625 241 775 278 Joachim,
800 243 913 281 Joseph
933 246 1001 281 imp.
1023 254 1045 272 s.
1067 245 1086 272 l.
1108 245 1138 273 et
1157 252 1182 271 a.
1203 241 1295 279 (Hain
1315 242 1408 278 8748).
1429 243 1463 272 A.
1492 259 1521 264 —-

201 278 286 306 Brev.
310 279 476 307 Romanum
502 282 571 317 imp.
593 282 717 310 Parisiis
744 280 825 310 15:31.
850 283 884 310 B.
909 298 945 301 —
965 284 1001 311 In
1022 284 1044 311 Ε
1070 283 1123 311 hat
1147 283 1198 310 der
1219 283 1354 318 Hymnus
1379 292 1435 310 nur
1459 282 1527 310 fiinf

202 319 274 345 statt
295 317 364 345 aeht
377 318 538 355 Strophen3
561 329 593 348 so
614 321 754 348 verkiirzt
774 321 854 348 steht
873 330 904 349 er
924 322 972 349 bei
986 322 1094 349 Daniel
1114 321 1136 353 Ι,
1158 319 1222 349 310.
1243 336 1281 340 —
1301 319 1326 355 2,
1350 319 1365 348 1
1384 323 1522 358 31143311ιί-

201 357 270 382 trici
296 356 473 391 providebat
491 359 525 386 A.
551 373 590 377 -
617 357 648 391 5,
675 358 692 386 5
719 359 831 387 celatur
857 361 936 396 agris
957 361 990 387 A.
1019 375 1059 379 —
1078 360 1109 392 6,
1138 357 1153 387 1
1175 362 1275 396 portat
1293 359 1405 396 Josepli
1425 360 1524 387 fehlen

201 393 236 420 A.
258 408 296 412 —-
317 392 343 428 6,
366 393 383 423 3
403 395 482 423 Dum
504 396 637 424 Herodes
658 398 797 433 parvulos
817 398 944 425 infantes
964 401 1074 425 mactat
1092 399 1127 426 A.
1147 413 1185 417 —
1205 397 1232 431 7,
1253 396 1271 426 3
1291 398 1336 425 Ab
1358 398 1458 425 eodem
1480 400 1525 425 est

204 431 342 460 reductus
364 433 397 460 A.
419 450 456 453 —
477 433 502 468 7,
526 433 546 462 4
566 435 624 462 Dei
643 437 735 471 patris
755 437 878 472 imperio
899 437 939 471 A3
960 436 1015 464 lies
1036 436 1071 464 (le
1092 438 1204 473 patris?

664 556 727 588 367.
757 557 801 588 Dc
823 559 930 589 saneto
953 557 1074 598 Joseph.

740 634 789 663 Ad
808 633 1001 664 Nocturnum.

212 701 242 733 1.
268 701 368 733 Festa
391 703 559 735 nutritoris
584 703 661 735 Jesu

268 748 382 781 Colant
409 749 522 782 fideles
548 752 677 792 servuli,

268 796 327 834 Qui
353 797 490 829 humano
514 799 606 838 pavit
631 807 687 830 esu

252 843 468 897 pNutritorem
492 846 622 880 saeculi.

210 902 241 933 2.
268 901 333 933 Hic
357 902 521 941 pariturae
546 903 663 944 virgini

267 948 373 990 Digne
394 950 484 990 virgo
510 951 707 992 conjugatur,

267 996 313 1029 Et
337 997 384 1028 sic
410 998 556 1029 coelestis
584 998 730 1030 daemoni

270 1045 386 1076 Partus
412 1048 488 1077 tunc
513 1046 702 1080 occultatur.

211 1102 243 1133 3.
270 1101 328 1133 Cui
352 1101 485 1134 Herode
507 1105 640 1146 mortuo,

270 1148 366 1192 Ecce,
394 1153 529 1189 apparet
553 1150 640 1182 illico

268 1197 308 1228 In
333 1198 451 1229 somnis
477 1198 584 1230 verbis
610 1198 740 1238 angelus

270 1244 486 1276 Praemonens
513 1253 582 1277 eum
610 1245 773 1278 dulcibus:

212 1302 243 1333 4.
270 1300 382 1342 Surge,
413 1302 523 1342 accipe
547 1311 681 1342 puerum

271 1349 316 1381 Et
340 1353 474 1381 matrem
501 1351 568 1390 ejus
595 1350 773 1382 clanculum

271 1396 316 1428 Et
341 1406 412 1428 cum
437 1398 507 1438 ipso
532 1398 689 1430 Emanuel

271 1445 325 1476 Ad
351 1448 470 1477 terram
494 1454 593 1486 perge
618 1446 729 1477 Israel.

287 1520 373 1547 Brev.
394 1520 561 1548 Romanum
580 1521 650 1556 imp.
672 1521 794 1548 Parisiis
817 1518 900 1548 1531.

897 707 927 737 5.
955 705 1014 744 Qui
1038 704 1236 737 consurrexit
1262 704 1364 747 citius,

954 753 1105 792 Pergens,
1133 760 1194 791 quo
1221 751 1304 783 dixit
1328 752 1468 792 angelus,

955 800 1035 839 Quia
1059 802 1247 840 quaerentes
1272 808 1405 838 puerum

957 847 1029 879 Jam
1054 848 1213 879 intrarant
1238 846 1437 886 gehenuium.

922 930 929 936 .
956 904 1065 936 Sancti
1088 904 1208 943 Joseph
1233 902 1384 943 suffragia

957 951 1023 983 Nos
1048 953 1197 983 tueantur
1219 951 1338 990 Jugiter

956 999 1001 1031 Et
1022 1000 1063 1031 ad
1087 1007 1185 1038 regna
1210 999 1360 1030 coelestia

957 1046 1024 1078 Nos
1049 1046 1228 1086 perducant
1252 1044 1398 1077 feliciter.

923 1129 930 1135 .
957 1103 1036 1143 EJ'us
1062 1113 1081 1135 a
1106 1103 1219 1142 culpae
1242 1102 1375 1134 nexibus

957 1151 1025 1182 Nos
1051 1159 1198 1183 eruamur
1221 1150 1380 1191 precibus,

960 1201 1019 1236 (gui
1044 1207 1102 1238 pro
1124 1198 1263 1228 tonantis
1287 1197 1389 1237 gloria

957 1245 1037 1285 Ejus
1064 1247 1227 1277 cantamus
1252 1244 1390 1277 numina.

924 1329 932 1337 .
960 1302 1072 1335 Gloria
1095 1310 1216 1334 summo
1241 1301 1377 1343 parenti,

958 1350 1044 1382 Laus
1071 1351 1138 1389 ejus
1162 1349 1335 1389 unigenito,

958 1397 1002 1429 Et
1027 1397 1067 1429 ab
1092 1397 1157 1428 illis
1181 1397 1368 1437 procedenti

962 1445 1026 1477 Par
1050 1445 1151 1476 honor
1176 1444 1219 1475 sit
1241 1444 1408 1483 paraclito.

672 1643 738 1674 368.
769 1643 813 1674 De
833 1643 940 1674 sancto
962 1641 1087 1682 Joseph.

218 1794 248 1827 1.
275 1792 375 1824 Festa
399 1792 567 1825 nutritoris
588 1791 666 1824 Jesu

277 1840 392 1873 Golant
415 1839 528 1873 fideles
554 1840 684 1878 servuli,

273 1889 331 1929 Qui
358 1889 495 1921 humano
519 1888 611 1928 pavit
635 1896 690 1919 esu

274 1936 475 1969 Nutritorem
501 1936 630 1969 saeculi.

215 1996 247 2029 2.
277 1994 341 2027 Hic
371 1995 536 2035 pariturae
561 1993 677 2034 virgini

274 2042 379 2084 Digne
403 2043 494 2083 virgo
521 2043 718 2082 conjugatur,

274 2091 319 2123 Et
344 2092 392 2123 sic
418 2091 565 2123 coelestis
593 2089 740 2122 daemoni

274 2140 393 2173 Partus
419 2142 496 2171 tunc
521 2138 709 2171 occultatur.

215 2198 247 2230 3.
274 2197 421 2229 Illibatus
446 2197 606 2229 habitavit

274 2245 496 2286 Desponsatus
523 2254 593 2276 curn
619 2244 753 2285 virgine,

276 2292 376 2331 Quam
404 2293 513 2326 divina
538 2291 727 2326 fecundavit

277 2340 391 2373 Gratia
415 2341 484 2373 sine
509 2341 640 2373 semine.

789 1720 837 1750 Ad
856 1719 986 1749 Laudes.

907 1792 938 1823 4.
967 1789 1017 1821 AJJ
1045 1791 1173 1821 aeterno
1199 1790 1412 1828 praeparatur

967 1837 1104 1877 Insignis
1129 1834 1249 1874 Joseph
1273 1835 1407 1872 nomine,

966 1884 1121 1917 Venerari
1148 1891 1240 1922 quem
1267 1882 1415 1922 dignatur

966 1932 1111 1966 Christus
1137 1933 1229 1962 natus
1253 1939 1292 1961 ex
1316 1930 1448 1970 virgine.

933 2018 939 2024 .
966 1991 1085 2023 Natum
1113 1988 1243 2028 virginis
1267 1988 1408 2019 intactae

968 2038 1065 2078 Virgo
1093 2038 1141 2069 vir
1165 2035 1285 2075 Joseph
1314 2036 1403 2076 aluit,

968 2084 1221 2119 Grandiusculus
1247 2094 1266 2115 a
1289 2084 1373 2115 lacte

968 2134 1100 2175 Quando
1127 2132 1227 2165 cibari
1252 2132 1365 2164 voluit.

933 2218 939 2225 .
970 2192 1081 2225 Gloria
1106 2198 1227 2222 summo
1252 2188 1390 2229 parenti,

966 2240 1051 2273 Laus
1078 2240 1145 2279 ejus
1170 2237 1343 2278 unigenito⁷

968 2289 1011 2321 Et
1036 2288 1076 2320 ab
1099 2286 1166 2319 illis
1191 2285 1381 2326 procedenti

969 2337 1032 2369 Par
1054 2337 1156 2368 honor
1181 2334 1223 2366 sit
1247 2333 1414 2374 paraclito.

294 2421 380 2446 Brev.
395 2429 448 2448 ms.
463 2419 704 2455 Pedepontanum
720 2417 793 2444 anni
807 2412 890 2443 1398.
913 2412 981 2440 Ood.
995 2412 1128 2440 Meliten.
1141 2412 1265 2446 Pragen.
1279 2409 1306 2437 8.
1321 2409 1386 2437 add.
1402 2417 1476 2437 saec.
1490 2406 1535 2435 15.

216 2465 251 2492 A.
275 2475 312 2479 —
333 2460 419 2488 Brev.
441 2459 591 2486 Carmelit.
611 2457 682 2492 imp.
705 2455 838 2483 Venetiis
861 2450 933 2481 1579
954 2452 988 2479 B.
1008 2466 1045 2470 —
1066 2448 1092 2486 2,
1113 2448 1133 2479 4
1153 2452 1224 2476 tunc
1244 2448 1319 2476 fehlt
1337 2448 1397 2475 AB.
