1653 2637
726 123 773 130 ——
824 102 987 139 108—-

654 196 709 229 171.
737 197 780 228 De
801 196 911 228 sancta
930 194 1061 235 Agnete.

728 274 764 303 Iu
781 273 810 303 2.
831 272 982 311 Vesperis.

209 346 243 378 1.
269 345 414 386 AgnetiS,
441 345 560 378 Christi
581 345 712 383 virginis
890 344 924 374 4.
950 343 1016 381 Quo
1039 340 1170 381 jubente
1190 341 1342 380 angelicis

267 392 312 424 Et
335 392 495 433 pretiosae
518 391 677 431 martyris,
945 388 1125 428 Suscipitur
1147 388 1182 420 in
1206 388 1353 420 manibus

266 439 455 472 Memoriam
479 439 662 471 solemniter
948 437 998 467 Ac
1023 435 1125 467 fertur
1149 437 1182 467 in
1208 435 1388 467 cubiculum

266 487 405 527 Agamus
432 485 633 519 unanimiter.
950 483 1132 523 Virginibus
1153 482 1341 522 pollicitum.

210 545 240 575 2.
267 543 305 575 In
331 543 421 575 annis
446 540 622 581 puerilibus
890 541 921 573 5.
947 538 998 571 Ibi
1023 539 1142 579 gaudet
1164 538 1199 570 in
1225 538 1364 570 candida

268 589 390 629 Spretis
413 588 522 620 mundi
546 587 712 620 blanditiis
945 586 1071 626 Agnum
1097 586 1319 626 subsequendo
1345 585 1430 617 stola

267 636 352 668 Filio
376 636 488 668 matris
513 635 645 674 virginis
947 635 1053 674 Atque
1079 633 1164 665 canit
1187 633 1221 665 in
1248 633 1371 665 cithara

268 683 369 715 Castis
394 682 540 714 adhaesit
561 682 729 714 mentibus.
947 680 996 712 De
1020 681 1157 713 hostium
1182 681 1324 713 victoria.

210 742 241 775 3.
268 740 374 779 Quem,
404 739 478 771 dum
501 739 535 770 in
559 739 653 770 terris
679 740 810 779 viveret,
891 739 920 771 6.
950 737 1044 777 Cujus
1069 746 1166 777 prece
1190 737 1390 769 sanctissima

268 787 422 826 Sponsum
447 785 566 818 habere
589 786 700 828 voluit,
949 784 1000 816 Da
1024 784 1149 817 veniam
1175 793 1244 816 cum
1267 784 1380 825 grat-ia,

268 834 367 872 Quam
390 842 466 866 vere
491 833 575 865 hunc
601 833 758 873 diligeret,
950 831 1085 872 Christe,
1112 835 1293 863 sanctorum
1318 830 1430 872 gloria,

266 880 424 922 Sanguine
448 880 519 913 fuso
543 880 699 920 prodidit.
949 879 988 910 In
1013 879 1208 919 sempiterna
1232 879 1370 913 saecula,

283 946 375 973 Psalt.
394 953 447 972 ms.
467 945 498 972 S.
516 944 699 972 Katharinae
716 944 750 971 in
768 943 874 972 Hoom
892 951 969 971 saec.
990 941 1035 971 15.
1056 952 1100 971 ex.
1141 943 1212 971 Cod.
1231 943 1347 978 Hagen.
1369 942 1395 969 V
1415 940 1464 972 31.

650 1054 708 1084 172.
738 1053 782 1085 De
802 1054 915 1086 sancta
933 1053 1063 1093 Agnete.

706 1129 755 1159 Ad
775 1130 1012 1168 Completorium.

212 1201 241 1233 1.
269 1200 344 1233 Sion
367 1199 500 1231 devotae
523 1198 609 1231 filiae
890 1200 922 1232 4.
949 1198 1080 1231 Nudata
1105 1198 1193 1230 crine
1215 1198 1333 1238 tegitur

271 1247 374 1280 Castis
401 1247 560 1278 exsultent
582 1246 756 1287 plausibus,
950 1245 995 1277 Et
1017 1249 1108 1277 veste
1133 1245 1371 1286 candidissima,

268 1296 436 1334 Agnetem,
460 1293 625 1332 pulchram
650 1292 742 1332 facie,
951 1292 1128 1324 Defunctus
1154 1292 1239 1325 vitae
1263 1293 1411 1325 redditur

270 1340 383 1381 Dignis
409 1341 564 1372 extollant
587 1340 745 1373 laudibus.
948 1339 1027 1379 EJ'us
1051 1348 1149 1379 prece
1172 1340 1384 1374 sanctissima.

213 1399 246 1431 2.
272 1397 380 1437 Agnes
404 1405 518 1437 agnum
541 1396 695 1436 martyrio
870 1398 922 1428 .5.
947 1396 1064 1429 illaesa
1088 1398 1177 1428 stans
1200 1397 1235 1428 in
1257 1397 1365 1429 medio

271 1444 411 1484 Sequens
437 1445 469 1474 et
490 1444 671 1477 innocentia
949 1443 1163 1476 Flammarum
1195 1444 1307 1476 laudat
1331 1444 1516 1486 Dominum,

272 1490 323 1523 De
347 1499 420 1522 rosa
444 1489 508 1522 fert
533 1493 565 1521 et
587 1490 654 1522 lilio
949 1490 1092 1523 Tandem
1116 1499 1270 1530 percussa
1294 1492 1402 1531 gladio

270 1538 397 1570 Sertum
418 1538 454 1570 in
478 1538 552 1578 agni
577 1539 674 1571 ouria.
950 1537 1044 1570 Canit
1063 1538 1099 1570 iu
1123 1539 1219 1570 choro
1243 1539 1421 1579 virginum:

213 1596 244 1628 3.
270 1594 323 1627 Ad
347 1595 450 1626 locum
474 1594 683 1633 turpitudinis
892 1595 923 1627 6.
950 1594 1041 1632 Quod
1066 1595 1244 1635 concupivi,
1272 1596 1376 1636 video,

270 1641 417 1674 Deducta
440 1650 499 1681 pro
521 1640 672 1682 ludibrio,
948 1641 1072 1674 Bonum
1097 1642 1252 1674 bonorum
1277 1644 1426 1686 omnium,

269 1689 361 1721 Dono
387 1688 533 1720 coelestis
556 1688 684 1720 luminis
949 1688 1041 1727 Quod
1065 1689 1204 1729 speravi,
1227 1690 1295 1729 jam
1316 1694 1411 1723 teneo

272 1735 398 1769 Gaudet
423 1737 455 1768 et
480 1736 559 1768 coeli
583 1736 703 1769 nuntio.
950 1735 1020 1768 Nec
1043 1737 1139 1769 timeo
1164 1736 1346 1772 divortium.

599 1793 630 1825 7.
655 1792 756 1834 Patri,
781 1795 866 1833 nato,
890 1794 1046 1832 paraclito

653 1839 771 1881 Decus,
796 1840 898 1872 virtus
924 1843 955 1872 et
979 1841 1090 1881 gloria,

654 1887 714 1925 Qui
737 1896 795 1919 nos
821 1888 953 1928 Agnetis
979 1889 1094 1921 merito

654 1934 764 1968 Salvet
788 1938 820 1966 et
843 1944 901 1967 sua
927 1936 1040 1975 gratia.

285 2000 374 2027 Psalt.
391 2009 443 2028 ms.
464 2000 493 2028 S.
513 2000 695 2028 Katharinae
714 2001 746 2027 in
765 2000 870 2027 Hoorn
885 2008 960 2027 saec.
975 1998 1020 2027 15.
1043 2008 1086 2027 ex.
1122 2000 1190 2028 Cod.
1204 2001 1320 2037 Hagen.
1333 2001 1360 2028 V
1374 1999 1420 2029 31.
1434 2002 1469 2030 A.
1483 2017 1522 2023 —

210 2037 317 2072 Hymn.
339 2046 392 2065 ms.
412 2037 624 2066 Neerlaudjcus
652 2046 727 2065 saec.
756 2036 800 2065 15.
826 2046 869 2064 ex.
911 2037 981 2065 Cod.
1003 2038 1209 2075 Cantabrigen.
1230 2040 1279 2067 Nn
1300 2039 1343 2068 IV
1363 2038 1407 2067 11.
1424 2040 1457 2067 B.

656 2148 716 2180 173.
745 2148 790 2179 De
810 2148 923 2179 saneta
941 2149 1072 2188 Agnete.

214 2227 245 2260 1.
271 2227 360 2259 Inter
386 2227 497 2259 choros
519 2227 586 2266 jam
611 2228 769 2269 virginum
898 2229 929 2261 2.
957 2226 1074 2268 Stirpe,
1100 2228 1240 2261 moribus
1265 2229 1393 2271 nobilis,

271 2275 378 2314 Agnes
403 2273 497 2307 floret
520 2278 556 2306 ut
576 2275 679 2307 lilium
954 2274 1059 2307 Deum
1081 2284 1193 2315 gerens
1218 2277 1431 2318 praecordiis,

321 2323 406 2354 Ante
429 2330 536 2362 regem
560 2323 742 2364 Dominum,
1001 2322 1086 2354 Dum
1110 2331 1131 2355 a
1153 2323 1270 2356 scholis
1295 2325 1450 2370 graditur,

276 2369 417 2410 Virginis
441 2370 551 2402 matris
576 2370 685 2402 filium.
953 2370 1052 2403 Prole
1072 2370 1191 2410 judicis
1216 2374 1350 2406 amatur.
