1653 2637
709 71 944 106 -15-.

401 170 455 202 23,
483 166 566 202 zero
593 170 719 200 creator
743 168 822 200 solio
849 168 888 199 de
915 176 1005 200 sacro

486 217 581 249 Petiit
606 216 670 247 ima
693 224 750 248 nos
776 216 817 247 ad
840 214 1051 253 liberandum,

485 264 569 303 Quos
594 263 694 295 hostis
721 263 838 295 dudum
863 262 971 302 rapuit
992 262 1119 302 iniquus

529 311 591 344 Ore
615 313 755 343 cruento.

247 381 336 409 Grad.
362 389 415 408 ms.
444 380 474 408 S.
494 380 649 408 Laurentii
676 380 709 406 in
727 379 843 406 Vei-ano
871 386 947 406 saec.
973 374 1047 405 ¹⁰lu.
1087 377 1157 406 Cod.
1179 378 1302 406 Roman.
1322 376 1481 411 Angeliouq

172 419 194 446 Β
214 419 261 446 III
283 417 325 446 18.
345 418 380 446 A.
402 433 439 437 —
452 418 512 447 Ein
525 418 589 445 Teil
613 417 708 445 dieses
717 416 894 444 ABCdarius
914 417 955 444 ist
974 417 1006 443 in
1026 416 1082 443 (len
1095 416 1266 451 Hymnaren
1282 422 1341 442 von
1354 414 1481 441 Moisszu¹

174 456 231 484 und
252 457 281 484 S.
304 456 427 485 Severin
447 456 491 484 als
504 455 640 491 Hymnus
660 457 691 482 in
712 455 935 482 annuntiatione
950 454 1041 482 BMV.
1063 453 1243 488 vei-wendet3
1264 453 1323 488 vgl.
1336 452 1421 479 Anai.
1442 452 1481 484 11,

171 492 208 522 80
227 494 280 530 (Β).
305 509 337 514 -
357 493 385 528 4,
406 492 424 521 2
443 494 500 522 Pro
522 503 578 529 quo
599 494 710 520 famoso
731 493 812 520 lesen
831 493 890 525 AB,
913 500 972 519 was
991 490 1078 519 Anal.
1098 492 1136 524 Π,
1157 492 1177 518 l.
1199 500 1222 518 ο.
1244 499 1280 518 zu
1299 489 1431 518 Unreeht
1450 490 1481 517 in

172 540 328 568 „perquam
350 530 478 560 famoso⁶⁶
501 531 641 568 geiindert
660 530 785 558 worden.
800 546 837 550 —-
857 529 883 564 5,
906 529 920 557 1
934 530 980 558 Ec
998 540 1037 551 ==
1050 538 1102 558 aee
1114 541 1152 551 =
1166 530 1245 557 haec.
1260 544 1297 548 —
1310 527 1336 560 ’7,
1358 526 1375 556 3
1389 528 1484 563 possit

171 571 203 604 A,
225 570 366 606 gei'mdert.
382 571 458 597 nach
479 570 511 597 B.
537 585 570 589 —
589 568 616 601 ’7,
637 566 657 595 4-
676 567 805 605 Angelus
825 568 859 595 A.
880 583 919 587 —
937 568 963 601 ὃ,
985 566 1003 597 3
1022 569 1158 596 Nominis
1180 567 1271 595 altum
1291 567 1350 594 AB.
1371 580 1405 585 ·-—
1422 564 1449 595 9.
1463 563 1482 591 2

169 611 266 644 potest
290 609 324 635 A.
352 622 390 626 ——
418 606 448 643 9,
477 606 497 635 4
515 607 645 641 Angelus
671 607 705 634 A.
725 620 764 625 —
786 605 835 638 11,
866 605 880 634 1
902 607 1006 643 angelo
1034 606 1203 634 conscendit
1220 606 1254 633 Α,
1281 619 1313 623 -
1335 602 1384 636 11,
1409 602 1429 631 4
1448 604 1481 630 Si

171 646 327 674 condixisti
348 646 381 673 A.
404 660 441 664 —
464 643 506 678 13,
528 643 546 671 2
566 646 602 672 ‹le
621 653 675 672 sua
695 653 798 681 nempe
819 645 968 672 civitatem
988 645 1028 675 A:
1060 645 1114 672 lies
1136 644 1173 671 ad
1193 652 1276 670 suam
1296 640 1425 678 nempe?
1448 655 1483 660 —

173 682 222 716 14,
248 683 269 712 4
291 684 403 711 clausu.
427 697 465 702 —
495 681 544 715 16,
568 682 584 710 1
605 683 690 717 Quod
710 691 776 709 eum
794 691 880 719 pares
901 682 934 710 A.
953 697 993 701 —-
1014 680 1057 713 16,
1082 680 1100 709 3
1121 682 1252 716 exemplo
1275 681 1357 708 A.—
1388 677 1439 713 20,
1464 677 1480 707 1

172 722 378 750 vociferabant
396 724 513 750 strenuo
527 721 561 748 A.
579 735 612 740 μ·
635 718 680 753 21,
702 718 719 747 2
735 720 853 748 eoelum
873 720 1013 748 adhibent
1025 721 1058 747 A.
1078 735 1115 740 —
1135 718 1180 751 22,
1204 718 1218 747 1
1234 718 1382 747 salvamus
1397 719 1429 745 A.
1445 732 1481 736 —

171 758 224 795 23,
251 759 267 787 1
287 760 424 788 Zererum
444 762 557 787 creator
575 759 613 793 A;
636 767 702 787 zero
723 770 761 780 =
777 767 850 786 sero.

609 850 645 882 11.
665 850 701 881 In
723 848 959 882 eircumoisione
978 849 1036 881 DN.

173 923 205 955 1.
233 921 340 954 Cultro
364 921 502 953 secanda
526 929 620 952 saxeo
857 921 888 954 3.
914 920 985 952 Hoc
1009 928 1123 952 nomen
1149 922 1197 951 est
1220 919 1381 958 potentiae

230 969 362 1000 Tenella
388 969 529 1002 Christus
563 967 706 1001 membra
731 968 794 1011 dat,
914 967 1087 1007 Novaeque
1110 967 1232 1006 signum
1258 967 1378 1006 gloriae

230 1016 303 1048 Non
329 1017 424 1054 venit,
451 1019 485 1047 ut
510 1016 604 1048 tollat
627 1015 676 1047 sui
913 1014 957 1046 Et
982 1024 1040 1054 per
1065 1013 1149 1055 quod
1173 1022 1269 1045 unum
1295 1014 1426 1045 coelitus

229 1063 346 1104 Legem
372 1063 513 1103 parentis
538 1062 632 1097 filius,
914 1061 1018 1094 Datur
1043 1062 1128 1094 salus
1153 1061 1349 1093 mortalibus,

173 1122 205 1153 2.
233 1120 378 1152 Parendo
400 1121 480 1160 legis
504 1119 630 1151 vincula
856 1121 887 1152 4.
914 1119 974 1157 Tu,
1003 1118 1137 1158 Christe,
1162 1127 1225 1150 non
1253 1117 1386 1150 effabilis

232 1167 345 1209 Nobis,
371 1167 453 1206 Iesu,
478 1167 603 1207 mitigas
915 1167 1023 1206 Imago
1051 1166 1195 1197 coelestis
1220 1166 1334 1205 patris,

233 1214 379 1254 Datoque
402 1218 561 1246 monstras
585 1213 712 1246 nomine
914 1213 975 1252 Da,
1002 1213 1048 1245 nil
1074 1213 1205 1253 colatur,
1232 1213 1265 1244 ni
1290 1214 1374 1245 tuum

231 1262 318 1294 Tuae
344 1260 484 1294 favorem
506 1262 637 1302 gratiae.
914 1260 950 1292 1n
976 1269 1068 1291 omne
1091 1268 1204 1292 nomen
1229 1259 1399 1292 saeculum.

246 1347 365 1382 Hymni¹
382 1345 522 1374 collectae
537 1347 605 1374 item
628 1345 782 1381 evangelia
802 1347 854 1373 etc.
877 1346 945 1380 imp.
969 1343 1108 1372 Coloniae
1130 1341 1211 1371 1585,

602 1437 643 1468 12.
665 1437 698 1468 In
717 1437 897 1478 Epiphania
915 1435 1045 1468 Domini.

174 1507 204 1538 1.
231 1507 361 1539 Festiva
385 1507 502 1539 mundo
527 1506 644 1547 gaudia
854 1508 886 1540 4.
914 1506 1012 1545 Quem
1037 1508 1112 1538 tuno
1135 1505 1197 1539 Eoi
1221 1507 1393 1549 principes,

230 1553 375 1586 Reducta
398 1554 473 1586 solis
498 1553 603 1585 orbita
911 1553 1016 1594 Reges
1041 1553 1183 1586 Arabum
1207 1553 1338 1596 nobiles,

229 1601 268 1633 ln
291 1601 444 1633 trinitatis
470 1601 596 1633 nomine
912 1601 1014 1633 Donis
1038 1601 1196 1633 honorant
1219 1601 1365 1642 mysticis

232 1648 325 1681 Laeti
352 1650 490 1682 colamus
517 1649 664 1681 carmine.
912 1648 1008 1680 Tanti
1035 1648 1176 1680 datorem
1199 1649 1338 1683 luminis.

170 1707 200 1738 2.
228 1705 321 1738 Felix
348 1706 415 1738 dies
440 1706 519 1737 haec
543 1714 656 1745 annua,
855 1708 885 1740 5.
908 1706 1036 1746 Legalis
1059 1705 1281 1738 observantiae

230 1754 315 1791 Quae
339 1757 429 1785 tanta
451 1752 514 1785 fert
538 1754 701 1792 solemnia,
912 1755 1006 1793 Aqua
1029 1754 1208 1785 tumescunt
1229 1752 1373 1793 hydriae,

231 1801 305 1833 Cum
332 1800 396 1832 tale
421 1799 526 1832 faetor
550 1800 687 1832 omnium
911 1801 955 1833 Ut
981 1801 1055 1832 vina
1080 1800 1216 1832 fundant
1241 1801 1355 1840 dulcia,

229 1848 366 1881 Praebet
403 1848 440 1880 ini
466 1848 644 1886 vestigium.
912 1848 1004 1880 Haeo
1026 1848 1126 1888 signa,
1154 1847 1289 1889 Christe,
1315 1851 1389 1879 sunt
1413 1851 1478 1880 tua.

171 1907 203 1939 3.
230 1905 293 1937 Hie
317 1914 431 1944 nempe
454 1909 547 1937 natus
572 1906 695 1945 virgine
856 1907 887 1939 6.
915 1906 986 1937 Vox
1009 1914 1084 1945 ergo
1101 1905 1203 1944 patris
1229 1905 1364 1944 intonat,

230 1952 347 1984 Nostro
376 1952 462 1984 Deus
488 1961 556 1983 cum
585 1961 717 1991 corpore
912 1952 1078 1991 Baptisma
1101 1952 1207 1990 proles
1233 1957 1407 1987 consecrat,

231 1999 313 2031 Novi
337 2008 395 2041 per
419 2002 520 2032 ortum
546 2000 659 2031 sideris
913 2000 1061 2032 Formam
1088 1999 1252 2033 columbae
1276 2000 1408 2039 spiritus

232 2047 273 2079 Se
297 2047 444 2087 prodidit
466 2056 539 2079 mox
565 2047 709 2081 saeculis,
914 2045 1017 2079 Sumit
1041 2054 1132 2078 sacer
1155 2048 1342 2087 paraclitus,

581 2106 610 2138 7,
638 2103 688 2135 Sit
711 2104 848 2136 trinitati
871 2103 983 2143 gloria,

633 2151 756 2192 Honor,
780 2153 922 2193 potestas
945 2151 1068 2190 inolita,

635 2198 699 2231 Uni
724 2199 792 2232 Deo
817 2207 875 2240 per
900 2198 1004 2230 omnia

636 2247 675 2278 In
700 2246 898 2278 saeculorum
922 2246 1059 2278 saecula.

244 2311 312 2340 Ood.
335 2311 502 2348 Sangallen.
523 2309 588 2340 898.
620 2319 695 2339 saec.
716 2309 797 2345 ¹⁰l11.
824 2327 860 2331 —-
891 2312 950 2339 Der
970 2311 1106 2346 Hymnus
1126 2311 1167 2338 ist
1185 2320 1246 2339 von
1265 2313 1387 2341 Berno
1408 2323 1481 2343 von

169 2349 409 2387 Reiohemm,
430 2352 515 2378 anter
535 2350 640 2378 dessen
657 2350 788 2378 Werken
808 2358 838 2377 er
858 2350 943 2377 steht.
966 2364 1000 2370 —-
1022 2348 1046 2385 6,
1068 2347 1085 2376 2
1105 2349 1198 2386 prolis
1213 2349 1268 2378 Hs.
