1653 2637
693 120 931 157 „73-

254 216 309 250 11.
335 216 384 249 Tu
405 219 513 250 tamen
539 220 606 251 esto
632 218 696 259 pia,
721 219 845 251 meritis
870 228 1029 260 succurre,
1055 219 1176 259 pelosa,

379 265 520 299 Crimina
544 275 602 298 nos
624 267 776 310 lacerant,
803 270 838 299 tu
863 270 968 300 tamen
993 270 1059 299 esto
1084 267 1150 306 pia.

259 332 311 363 12.
339 332 452 372 Filius,
481 340 563 372 eece,
594 335 676 371 tuus,
705 342 796 374 quem
822 343 885 366 non
911 333 997 374 capit
1019 333 1131 365 ordine
1155 333 1299 371 mundus,

381 379 480 419 Quem
505 380 583 412 coiit
605 380 693 413 orbis
718 390 826 420 ovans,
851 380 946 424 filius,
972 389 1055 423 ecee,
1080 383 1163 413 tune.

261 445 315 479 13.
341 445 406 478 Dat
431 446 500 490 tibi,
519 455 661 487 quaeque
686 448 786 489 cupis5
812 448 914 487 pietas
940 447 1116 479 clarissima
1138 446 1239 488 prolis

385 493 503 535 Niique
526 504 645 535 negans
670 495 823 529 Dominus
851 497 906 528 dat
930 496 998 535 tibi,
1025 503 1167 536 quaeque
1192 494 1289 534 cupis.

262 561 314 593 14.
342 559 421 593 Dic:
445 562 596 593 miserere
621 561 683 593 tuis
709 570 844 602 semper,
871 562 1098 602 placidissima,
1124 563 1207 600 nate,

382 608 541 649 Sanguine
566 617 645 649 quos
671 609 806 649 laveras,
831 610 893 651 die,
918 610 1070 641 miserere
1093 608 1168 643 tuis,

259 675 313 708 15.
341 674 452 707 Gloria
476 676 608 716 lausque
632 676 727 716 patri,
752 677 853 708 virtus
879 676 1004 718 genitae
1029 684 1154 716 quoque
1177 675 1271 716 proli,

383 723 518 763 Spiritui
542 723 665 763 pariter
689 724 792 765 gloria
816 724 949 763 lausque
972 723 1067 763 patri.

241 807 310 836 Ood.
332 806 467 835 casinen.
490 805 553 835 109.
574 816 650 836 saec.
673 806 716 835 11.
735 805 801 841 (mit
820 807 971 844 Neumeu),

593 929 650 961 114.
679 929 717 961 In
736 929 955 970 Assumptione
975 929 1063 961 BMV.

339 1010 369 1044 1.
391 1010 501 1052 Virgo,
527 1009 590 1042 Dei
613 1011 724 1052 mater,
752 1010 896 1042 Judaeae
919 1009 1020 1049 gioria
1042 1010 1155 1050 geenne,

392 1057 501 1100 Virgo,
528 1057 590 1089 Dei
613 1059 725 1097 mater,
752 1057 863 1097 populi
888 1057 1038 1089 miserere
1065 1057 1210 1098 dolentis,

392 1105 502 1145 Virgo,
527 1104 590 1136 Dei
614 1107 726 1147 mater,
752 1113 830 1144 prae
859 1105 979 1136 cunctis
1004 1105 1072 1136 sola
1094 1105 1198 1148 beata,

395 1152 502 1195 Virgo,
528 1151 588 1184 Dei
613 1154 726 1192 mater,
751 1161 810 1192 per
834 1154 866 1184 te
890 1161 975 1184 mors
1001 1155 1050 1184 est
1072 1154 1232 1192 superata.

338 1219 370 1251 2.
394 1218 535 1258 Angelus
561 1218 745 1258 adveniens‚
772 1220 882 1250 sancta
906 1217 967 1249 Dei
992 1217 1140 1259 genitrix,

393 1266 443 1298 De
469 1265 564 1297 coelis
592 1264 733 1308 Gabriel,
760 1265 875 1297 nobilis
900 1266 973 1298 aula
997 1264 1069 1305 Dei,

393 1313 545 1353 Supplice
571 1321 648 1346 voce
673 1313 742 1351 tibi,
769 1315 880 1345 sancta
904 1312 966 1345 Dei
991 1313 1139 1353 genitrix,

394 1361 501 1393 Verba
526 1360 663 1402 benigna
688 1360 770 1404 tulit,
797 1360 913 1393 nobilis
939 1360 1013 1393 aula
1036 1361 1107 1394 Dei.

337 1430 368 1462 3.
392 1427 441 1460 Sit
464 1427 619 1460 Dominus
645 1430 760 1465 tecum,
786 1429 898 1459 sancta
921 1426 982 1459 Dei
1008 1427 1157 1467 genitrix,

394 1475 507 1508 Gratia
531 1478 563 1506 te
587 1476 701 1517 replet,
728 1474 846 1507 nobilis
870 1474 944 1507 auia
969 1474 1038 1518 Dei,

394 1522 595 1563 Virginitatis
622 1523 733 1563 honor,
762 1522 841 1554 coeli
867 1522 1046 1555 clarissima
1067 1523 1170 1564 stella,

394 1569 593 1611 virginitatis
619 1570 729 1611 honor,
756 1571 852 1609 salve,
883 1571 1067 1603 veneranda
1089 1570 1209 1610 puella,

338 1641 370 1672 4.
391 1638 592 1678 'virginitatis
617 1637 728 1677 honor,
755 1637 836 1669 coeii
860 1637 971 1679 regina
995 1637 1111 1678 Maria,

393 1685 595 1725 virginitatis
621 1685 731 1726 honor,
758 1686 848 1718 salva
872 1694 929 1718 nos
953 1685 1038 1726 regis
1063 1685 1103 1717 ab
1128 1686 1189 1726 ira,

395 1734 444 1765 Tu
469 1733 597 1765 Domini
620 1735 735 1772 mater,
760 1733 953 1774 virginitatis
978 1734 1090 1773 honor,

395 1781 519 1821 Sponsa
543 1780 604 1812 Dei
629 1782 753 1822 summi,
779 1780 873 1812 stella
898 1780 1004 1813 Maria
1028 1781 1137 1816 maris.

338 1850 370 1882 5.
393 1849 498 1881 Janua
524 1848 693 1886 coelorum,
720 1846 914 1887 virginitatis
940 1847 1050 1887 honor,

395 1896 493 1928 Porta
517 1895 691 1934 beatorum,
718 1895 813 1927 stella
836 1895 942 1927 Maria
966 1896 1073 1935 maris,

394 1943 506 1976 Gloria
531 1945 726 1984 cunctorum,
753 1942 944 1984 virginitatis
970 1943 1081 1984 honor,

393 1992 488 2025 Hune
515 1991 652 2024 defende
677 1992 818 2032 chorum,
845 1991 938 2023 stella
964 1991 1071 2024 Maria
1094 1992 1201 2027 maris.

339 2063 370 2095 6.
391 2060 463 2093 Hac
488 2059 550 2093 fuit
574 2062 645 2093 orta
672 2059 723 2091 die
749 2059 828 2091 coeli
854 2058 965 2099 regina
991 2058 1104 2100 Maria,

392 2109 480 2148 Quae
504 2108 667 2143 Christum
690 2107 807 2148 gennit,
832 2106 894 2139 hae
917 2105 979 2139 fuit
1001 2110 1073 2140 orta
1096 2108 1167 2149 die3

394 2157 443 2190 Sit
467 2156 638 2190 benedicta
662 2156 738 2200 dies,
766 2156 798 2187 in
825 2164 887 2196 qua
911 2158 946 2187 tu
970 2157 1047 2188 nata
1070 2154 1169 2197 fuisti,

392 2205 509 2248 Dicite,
535 2204 713 2245 pontifices,
739 2204 782 2237 sit
805 2203 976 2236 benedicta
1002 2203 1080 2237 dies.

337 2275 369 2309 7,
392 2273 443 2306 Sit
466 2273 637 2306 benedicta
664 2272 741 2312 dies,
767 2272 802 2303 in
827 2280 889 2312 qua
913 2271 974 2304 sibi
999 2271 1050 2304 lae
1071 2272 1224 2314 tribuisti,

393 2322 501 2355 Omnis
527 2321 619 2354 homo
647 2322 750 2354 dicat:
778 2320 821 2352 sit
846 2319 1017 2352 benedicta
1043 2319 1121 2355 dies,

393 2369 569 2403 Praefinita
595 2369 662 2403 dies
688 2370 784 2410 venit,
811 2368 922 2408 regina
946 2368 1061 2407 Maria,

394 2418 463 2458 Qua
488 2418 593 2451 coelos
617 2417 764 2457 scandas,
788 2416 882 2458 vade,
907 2416 1003 2449 beata
1026 2417 1132 2452 nimis.
