1653 2637
703 117 959 152 —232—

590 211 658 243 409.
689 211 733 242 De
753 212 863 242 sancta
884 210 1072 250 margareta.

178 280 207 312 1.
236 279 362 312 Summo
387 280 455 312 Deo
483 280 696 323 decantemus,

281 327 362 367 Regi
386 336 494 368 rogum
520 329 667 366 omnium,

233 373 361 406 Laudes
388 375 454 414 ejus
480 383 695 417 personemus,

283 421 365 453 Nam
391 426 571 454 sanctorum
596 423 782 464 praemium,

234 467 282 500 Ut.
305 469 477 509 abstergat,
503 469 587 500 hunc
610 478 766 509 rogemus,

282 516 400 547 Mentis
428 516 630 548 domicilium.

177 574 207 604 2.
237 570 294 603 Cui
319 573 407 611 virgo
432 573 512 604 haec
536 572 668 604 servivit

286 619 337 650 Ab
364 619 455 650 annis
480 617 643 661 infantiae,

234 665 358 698 Munda
382 667 532 698 mundum
557 666 766 706 pertransivit

281 713 366 744 Rore
390 713 486 752 piena
510 714 641 753 gratiae,

237 758 423 792 Castitatem
447 761 619 792 custodivit

282 806 404 839 Norma
428 808 612 847 pudicitiae.

859 281 890 312 3.
918 281 1042 320 Sponsa
1066 279 1184 313 Christi
1210 279 1404 321 Margareta,

966 326 1112 360 candens
1138 327 1231 367 quasi
1256 327 1371 368 lilium,

920 374 1007 407 Coeli
1032 376 1135 414 spirat
1159 375 1200 406 ad
1226 377 1359 416 secreta,

967 421 1134 454 Subintrat
1157 422 1356 462 martyrium,

920 469 1024 501 Corde
1047 478 1138 509 puro,
1163 472 1269 501 mente
1293 469 1380 500 laeta

966 515 1113 548 Festinat
1137 517 1179 548 ad
1204 515 1360 548 bravium.

857 574 890 606 4.
918 573 1007 604 Haec
1034 574 1203 605 draconem
1226 571 1388 604 interfecit

968 619 1146 652 Devincens
1172 619 1347 661 Olybrium‚

920 667 1042 699 Neuter
1067 668 1177 699 harum
1201 668 1284 699 hanc
1306 665 1428 710 infecit,

968 714 1026 747 Cui
1050 724 1124 755 spes
1149 716 1192 747 ad
1214 713 1327 754 filium,

918 763 1089 801 Postquam
1115 771 1193 802 opus
1218 761 1278 794 hoc
1302 759 1441 801 perfecit

967 809 1122 849 Migravit
1147 810 1189 842 ad
1213 809 1374 850 gaudium.

538 866 569 898 5.
597 864 645 897 Sit
669 865 738 896 laus
763 873 904 897 summae
929 866 1076 905 trinitati,

647 912 746 950 Patri,
776 914 851 944 nato
875 912 1029 954 potentia,

594 958 644 991 Sit,
666 959 799 998 spiritus
822 959 939 991 unitati

646 1005 759 1038 Honor
784 1009 815 1037 et
839 1006 982 1050 victoria,

594 1053 653 1091 Qui
682 1062 739 1084 nos
764 1062 860 1092 prece
885 1053 1089 1094 Margaretae

648 1099 785 1132 Coronet
815 1101 849 1132 in
874 1101 985 1140 gloria.

253 1164 338 1191 Brev.
359 1172 412 1191 ms.
435 1163 608 1192 Coloniense
628 1166 698 1192 anni
720 1163 801 1192 1450.
842 1164 910 1193 Cod.
931 1166 1147 1194 Darmstadien.
1172 1166 1253 1195 1100.

599 1265 661 1298 410.
690 1266 735 1297 De
754 1268 865 1298 sancta
883 1267 1075 1308 Margareta.

184 1401 215 1432 1.
241 1399 344 1432 Beata
367 1399 456 1439 virgo
480 1399 606 1440 nobilis,

241 1446 327 1484 Quae
351 1447 420 1479 Deo
446 1455 479 1478 es
504 1447 651 1479 amabilis

239 1495 278 1526 In
301 1493 419 1525 mundo
446 1497 476 1524 et
500 1494 681 1538 laudabilis,

243 1540 293 1573 Sis
318 1540 410 1572 nobis
436 1539 632 1573 favorabilis.

181 1597 213 1629 2.
239 1596 325 1635 Quae
351 1597 424 1628 dum
448 1596 482 1627 in
506 1598 645 1634 pueritia

239 1642 353 1686 Fuisti,
381 1651 450 1674 cum
475 1643 598 1675 laetitia

240 1690 371 1722 Duxisti
393 1690 544 1722 animalia

239 1736 381 1769 Nutricis
416 1739 448 1768 et
471 1745 535 1769 non
560 1738 632 1769 alia.

183 1795 213 1828 3.
241 1794 357 1826 Sancta
381 1793 484 1824 Deum
507 1793 541 1824 in
567 1802 694 1826 carcere

241 1841 387 1882 Rogavit,
412 1843 448 1871 ut
474 1841 648 1872 dissolvere

242 1888 349 1920 Vellet,
371 1888 473 1928 ipsam
499 1896 517 1918 a
542 1887 653 1926 bestia,

240 1936 327 1974 Quae
350 1934 412 1966 fuit,
435 1934 663 1969 crudelissima.

736 1333 785 1362 Aa
802 1334 932 1364 Laudes.

862 1404 895 1435 4.
922 1404 1021 1443 Virgo
1048 1404 1217 1436 draconem
1242 1405 1374 1445 vicerat,

922 1452 983 1489 Qui
1008 1460 1078 1483 eam
1096 1451 1317 1494 devoraverat,

922 1496 960 1529 In
986 1500 1124 1531 carceris
1147 1501 1333 1533 umbraculo

921 1545 1021 1577 Facto
1047 1547 1149 1578 crucis
1173 1548 1345 1588 signaculo.

889 1627 895 1632 .
923 1601 1103 1634 Laudemus
1128 1607 1271 1637 sanctam
1295 1605 1460 1649 virginem,

923 1649 1135 1689 Margaritam
1159 1654 1225 1684 tam
1249 1653 1398 1697 nobilem,

922 1696 1022 1734 Quam
1046 1699 1089 1730 ad
1115 1700 1253 1731 eoeleste
1276 1701 1425 1741 gaudium

922 1742 1023 1775 Duxit,
1047 1748 1173 1778 creator
1197 1748 1346 1783 omnium.

889 1826 895 1831 .
921 1800 1063 1845 Praesta,
1090 1806 1184 1842 pater
1207 1804 1362 1846 piissime,

921 1847 967 1879 Ut
989 1857 1047 1880 nos
1073 1859 1144 1881 cum
1168 1854 1280 1885 sancta
1303 1854 1428 1893 virgine

921 1894 988 1926 Tuo
1011 1904 1134 1937 quoque
1155 1898 1319 1937 juvamine

922 1941 1084 1975 Pessimus
1109 1953 1235 1985 semper
1260 1948 1380 1981 vivere.

276 1998 367 2026 Psalt.
388 2007 440 2025 ms¹
456 1998 624 2027 Sedunense
644 2007 719 2027 saec.
744 1999 786 2028 15.
821 2002 889 2030 Cod.
904 2005 1052 2034 Valerian.
1073 2018 1096 2036 s.
1117 2018 1145 2036 n.
1166 2008 1205 2042 (3)
1219 2013 1254 2039 A.
1276 2027 1312 2032 -
1332 2015 1418 2042 Brev.
1440 2015 1490 2044 Se-

181 2038 311 2065 dunense
336 2038 405 2072 imp.
426 2037 562 2064 Basileae
589 2035 670 2064 1497.
690 2038 724 2065 B.
759 2053 785 2057 —
810 2038 844 2073 4,
872 2039 889 2067 2
911 2042 967 2075 Qui
994 2044 1038 2071 ibi
1063 2055 1128 2074 eam
1147 2048 1180 2075 Β.
1212 2064 1246 2068 -
1268 2049 1301 2085 6,
1329 2051 1347 2080 3
1367 2053 1491 2090 Tuoque

182 2078 283 2103 saneto
300 2074 454 2109 juvamine
472 2075 505 2103 B.

603 2165 660 2198 411.
690 2167 733 2198 De
753 2170 862 2199 sancta
881 2169 1071 2210 margareta.

184 2238 214 2271 1.
239 2237 411 2276 Hymuizet
433 2244 517 2268 nunc
543 2236 676 2268 ecclesia

240 2285 284 2318 Et
308 2292 459 2323 praesens
482 2284 560 2315 haec
584 2283 716 2326 familia,

242 2334 401 2370 Peragens
426 2340 495 2363 cum
521 2329 701 2371 frequentia

242 2380 445 2420 Margaretae
470 2378 633 2412 solemnia.

864 2239 895 2270 2.
924 2239 1019 2279 Cujus
1044 2242 1137 2274 datur
1161 2248 1332 2279 memoriae

922 2286 1058 2319 Securae
1082 2290 1151 2321 laus
1173 2292 1337 2338 victoriae,

922 2333 1013 2366 Juste
1037 2345 1173 2376 namque
1198 2342 1230 2370 et
1254 2341 1361 2375 sobrie

921 2381 998 2423 Egit
1022 2383 1216 2423 triumphum
1240 2388 1371 2426 gloriae.
