1653 2637
748 96 980 132 -42—

215 192 246 224 3.
272 191 415 224 Excussa
437 193 573 232 primum
597 194 755 227 mentibus
896 195 925 227 5.
953 194 992 226 In
1015 191 1079 224 fide
1104 201 1180 225 vera
1206 190 1301 224 dubio

274 238 481 272 Peccatorum
506 240 640 281 caligine
954 239 1013 272 Vel
1037 243 1238 281 peccatorum
1263 237 1406 278 pondere

273 286 418 327 Fideque
442 290 531 320 recta
555 296 685 320 cernere
951 287 1112 326 Depresso
1139 287 1224 319 nullo
1251 285 1391 317 cernitur

274 332 327 366 Sic
353 335 444 367 decet
464 335 553 367 illam
577 336 723 375 speciem.
952 335 1072 375 Figura
1096 338 1160 367 tam
1183 332 1326 366 mirifica.

215 392 246 423 4.
274 390 346 423 Non
371 391 462 423 unius
486 392 643 433 imaginis,
895 393 926 426 6.
953 391 978 423 Ο
1004 391 1088 424 alma
1111 399 1184 431 spes
1210 389 1415 428 credentium,

273 437 338 470 Sed
362 439 527 479 multiplex
553 438 701 478 objicitur
952 438 1015 471 Per
1039 439 1226 470 sacramenti
1254 437 1402 469 meritum

272 486 334 517 Pro
359 486 443 518 vitae
466 490 595 518 sanetae
618 487 730 518 merito
952 485 1071 518 Nostra
1094 485 1218 518 resolve
1243 484 1375 516 erimina

273 532 317 564 Et
341 533 466 565 virtutis
490 534 670 573 praeconio.
953 533 1054 566 Sortis
1079 533 1226 565 misertus
1249 540 1436 572 pauperum.

576 590 606 622 7.
632 590 699 622 Nos
729 599 852 630 quoque
875 593 948 623 tuae
972 589 1118 629 famulae,

633 636 719 676 Quae
743 638 824 670 tanti
848 647 954 671 sumus
980 638 1075 671 hodie

633 685 782 717 Miraeuli
805 686 990 727 participes,

635 731 738 765 Simus
764 736 796 765 et
818 734 908 775 regni
932 734 1061 775 gloriae.

290 806 374 834 Brev.
395 814 448 834 ms.
469 806 499 834 S
520 807 668 835 Ambiosii
686 808 814 836 Fiorent.
835 809 905 836 anni
925 806 1007 836 1518.
1041 807 1320 836 Ood.Lau1-entian.
1342 806 1432 835 ConV.
1453 815 1516 843 sup.

215 841 260 871 90.
286 844 320 871 A.
352 859 389 863 —
422 844 501 872 offic,
531 854 583 873 ms.
614 845 643 873 S.
667 846 816 874 Ambrosii
844 855 918 875 saec.
946 845 989 874 15.
1039 845 1514 882 eod.Florentin.Mag1iabece.

216 881 352 910 XXXVI.
373 881 419 910 70.
439 883 472 910 B.
493 897 532 902 -—
551 882 583 917 3,
611 882 628 912 3
648 884 720 912 Fide
740 893 825 920 quem
845 887 925 913 reeta
943 893 1029 912 eei-ne
1049 884 1084 912 A.
1108 900 1143 904 —
1162 882 1194 918 4,
1217 883 1232 911 l
1252 884 1409 919 Nunquam
1427 883 1515 917 hujus

216 921 353 956 imaginis
372 920 405 947 B.
432 935 469 939 -
488 919 520 954 4,
546 920 563 948 2
582 921 689 949 Vultus
707 921 788 958 plebs
810 923 994 950 oLJiviscitxu
1012 923 1046 950 B.
1068 936 1105 941 —-
1126 921 1202 957 5,1
1222 923 1258 950 In
1277 921 1333 949 fide
1352 929 1407 949 nee
1426 921 1515 948 dubio

216 958 250 984 A.
271 972 307 977 —-
328 957 354 986 5.
375 955 392 986 3
411 959 494 986 nulla
512 959 545 986 Β.
566 974 603 979 --
624 958 686 994 6,1
709 960 732 989 O
753 961 826 988 fehlt
844 962 878 988 A
901 976 934 980 —
955 960 981 996 7,
1004 960 1019 988 1
1039 961 1179 995 famulae,
1205 960 1265 988 San
1278 960 1436 995 Amblogio
1457 967 1484 984 w
1486 966 1518 985 ai

218 997 266 1023 ein
284 996 593 1025 Benediktinerinnen-
594 998 721 1026 Kloster.

387 1097 434 1129 65.
465 1098 501 1129 In
519 1099 723 1140 Apparitione
742 1100 900 1140 enjusdam
918 1099 1064 1132 miraculi
1083 1099 1225 1140 eorporis
1245 1098 1368 1130 Christi.

771 1167 819 1198 Ad
838 1168 965 1198 Laudes.

461 1235 492 1269 1.
518 1235 636 1275 Optata
658 1238 793 1269 saeeulis
817 1241 950 1277 surgunt
972 1238 1135 1280 solemnia,

518 1282 604 1321 Quae
627 1292 709 1316 nova
731 1283 898 1324 perferunt
921 1285 1032 1317 animis
1057 1286 1183 1326 gaudia,

519 1329 595 1362 Cum
619 1332 697 1363 haec
719 1331 853 1365 mirifica
875 1333 966 1365 nobis
992 1336 1065 1365 sunt
1087 1333 1242 1373 praestita

563 1377 613 1410 De
637 1378 725 1411 fonte
748 1383 857 1412 sancto
882 1380 1010 1420 gloriae.

459 1436 489 1468 2.
517 1435 661 1476 Namque
682 1438 834 1470 recolitur
859 1438 978 1470 clarum
1002 1438 1193 1478 prodigium,

515 1483 554 1515 In
581 1483 699 1516 Christi
722 1493 853 1526 corpore
879 1488 1038 1518 ostensum
1060 1486 1202 1526 largiter,

516 1530 607 1569 Quod
630 1540 686 1564 nos
711 1533 889 1574 accepimus
912 1534 947 1565 in
970 1532 1033 1566 fine
1056 1534 1175 1566 saeculi

566 1579 650 1612 Miro
674 1584 835 1619 patratum
860 1581 981 1615 ordine.

461 1636 492 1667 3.
518 1635 716 1669 Monstratur
739 1638 899 1679 sanguinis
923 1637 1025 1679 figura
1050 1638 1204 1677 sensibus,

519 1682 693 1725 Carnisque
717 1686 855 1725 speeiem
880 1686 986 1717 vinum
1011 1685 1185 1726 subinduit,

517 1729 570 1762 Sic
593 1735 643 1764 ter
667 1734 860 1765 convertitur
884 1736 995 1774 terque
1021 1733 1174 1766 dividitur

566 1780 696 1813 Trinam
720 1781 754 1812 in
778 1784 901 1821 partem
926 1781 1066 1814 veniens,

459 1836 492 1867 4.
518 1836 605 1875 Quae
630 1838 754 1869 demum
778 1838 907 1870 ‘trinitas
930 1847 995 1870 una
1019 1838 1158 1870 essentia

518 1883 697 1917 Monstrata
723 1885 838 1918 claruit
861 1889 949 1918 ‘tanto
973 1886 1136 1925 miraculo,

518 1930 616 1963 Redit
639 1932 673 1964 in
697 1932 835 1972 pristina
859 1936 1006 1966 conserta
1031 1933 1187 1965 cumulum

563 1977 654 2011 Novo
680 1980 824 2012 mutandi
848 1989 973 2020 genere.

461 2035 491 2067 5.
516 2035 631 2068 Relata
653 2037 794 2077 praesuli
817 2036 879 2069 Dei
903 2038 1070 2078 magnalia,

521 2082 681 2116 Ornantur
706 2084 824 2124 optime
848 2085 954 2124 ampla
979 2084 1137 2125 prodigia,

518 2129 582 2162 Ter
606 2140 743 2171 namque
766 2132 920 2164 Dominus
944 2135 1045 2164 terret
1068 2133 1102 2164 in
1126 2132 1265 2172 somniis,

544 2178 634 2218 Quod
657 2180 798 2212 nondum
822 2189 857 2211 se
879 2180 1046 2212 remiserit.

463 2236 493 2268 6.
522 2234 712 2268 Cunctorum
736 2237 881 2277 protinus
908 2237 1006 2270 currit
1030 2235 1211 2277 frequentia

520 2283 679 2324 'santique
700 2286 840 2317 muneris
863 2285 1000 2317 tendunt
1023 2285 1066 2317 ad
1090 2285 1226 2326 gratiam

518 2330 660 2372 Ejusque
684 2332 797 2365 merito
823 2337 957 2366 narrant
981 2333 1120 2374 insignia

568 2381 607 2413 In
631 2382 749 2421 templo
774 2384 882 2414 sancto
907 2381 1045 2417 Domini,
