1653 2637
704 82 960 120 —152-

189 182 220 214 3.
248 180 338 220 Quod
362 179 501 212 sentiens
528 179 665 213 Caecilia
872 182 903 213 6.
929 180 1019 212 Haec
1042 178 1157 210 ardens
1183 179 1245 210 tuis
1270 176 1397 219 ignibus

247 228 325 260 Mox
350 227 426 260 fidei
450 228 580 259 monilia
928 226 999 259 Non
1026 226 1129 257 uritur
1154 224 1361 264 ferventibus,

245 275 395 315 Sumpsit,
422 283 535 314 gerens
560 274 635 306 hinc
656 274 808 314 habitum,
927 272 1036 315 Aquis),
1067 272 1098 304 ei
1119 273 1176 304 das
1201 273 1384 314 zephyrum,

244 322 371 362 Deus,
398 325 561 354 tuorum
586 321 779 354 militum.
925 320 1011 353 Rex
1035 320 1230 360 gloriose
1247 323 1489 360 martyrum.

186 380 218 412 4.
246 380 417 418 Conjunxit
440 378 551 411 horum
577 377 716 410 coetibus
867 378 885 408 7
891 404 897 409 .
923 376 961 409 In
988 376 1091 415 capite
1115 378 1165 408 ter
1186 377 1339 411 caeditur,

245 426 402 464 Sponsum
428 434 518 457 suum
541 434 611 457 cum
634 424 789 465 pluribus,
926 423 988 455 Per
1012 424 1152 455 triduum
1174 433 1237 455 non
1262 423 1408 465 moritur,

243 474 279 505 In
307 473 402 505 coelis
427 473 539 512 quibus
565 472 647 502 atria
927 469 1043 502 Pandit
1069 470 1185 502 docens
1213 470 1363 501 coelestia

244 520 308 552 Fit
336 521 457 559 porta
481 518 629 551 Christi
654 518 803 556 pervia.
920 516 1055 550 Beata
1078 517 1204 549 nobis
1229 517 1399 556 gaudia.

188 577 218 610 5.
245 576 299 608 Sic
323 575 439 607 <licitur
464 574 613 613 Caecilia,
863 574 894 606 8.
921 573 968 606 Ob
993 573 1126 613 virginis
1150 573 1316 606 victoriam

244 623 330 655 Coeli
356 623 430 661 quia
452 621 518 654 fert
541 620 619 660 lilia,
926 620 1068 660 Supplex
1093 620 1152 652 tibi
1179 620 1233 652 dat
1258 621 1392 661 gloriam

244 670 341 702 Casta
363 677 496 708 sequens
520 670 553 699 te
575 667 754 710 Dominum,
923 667 1043 699 Nostra
1067 675 1193 707 semper
1216 668 1390 708 humilitas,

241 716 358 758 Jesu7
391 724 546 747 corona.
580 715 802 754 virginum.
922 716 946 748 O
971 715 1044 746 lux
1067 715 1193 747 beata
1217 715 1410 747 trinitas.

259 789 367 822 Hymn.
390 796 442 815 ms.
463 787 685 823 Wirceburgcn.
706 795 780 815 saec.
798 785 841 815 15.
876 788 947 815 Cod.
960 788 1146 815 Franciscan.
1160 787 1345 824 wirceburg.
1359 789 1376 816 I
1388 786 1434 816 83.
1448 804 1485 809 -—

184 826 210 861 6,
231 824 249 854 3
269 826 362 862 Aquis
382 827 409 853 ei
429 825 544 853 refirum
558 825 611 853 Hs.
631 839 669 845 -ι-
688 825 714 859 7,
738 824 752 852 1
773 826 810 853 In
829 827 924 862 capite
945 834 1004 853 rex.

607 934 672 966 256.
705 935 749 966 De
769 936 879 966 sancta
900 935 1043 967 caecilia.

399 1015 430 1046 1.
456 1014 543 1046 Deus
567 1015 726 1057 perennis,
753 1023 810 1046 rex
832 1015 1084 1055 inaestimabilis,

452 1062 628 1100 Martyrum
657 1061 752 1092 decus
778 1063 809 1092 et
835 1070 951 1094 corona
976 1062 1143 1102 virginum,

453 1108 525 1140 Non
549 1108 650 1140 solum
673 1108 750 1140 viiis
774 1109 913 1148 palmam
940 1109 995 1142 dat
1015 1110 1170 1152 martyrii,

453 1155 517 1188 Sed
543 1153 730 1195 feminisque
753 1165 839 1188 mors
866 1156 987 1188 calcata
1010 1156 1163 1196 subjacet.

396 1214 426 1245 2.
453 1213 503 1244 Ex
528 1212 577 1243 his
604 1211 698 1243 beata
721 1211 894 1252 parthenos
921 1212 1057 1245 Caecilia

451 1260 571 1290 Amans
596 1258 762 1298 pudorem,
791 1260 895 1291 cordis
920 1260 1144 1299 innocentiam,

448 1306 644 1345 Jejuniorum
669 1306 826 1346 parcitate
851 1306 968 1345 sobria,

451 1352 551 1384 Hoste
576 1352 699 1384 devicto
724 1361 758 1384 se
782 1353 888 1385 litavit
911 1353 1056 1386 Domino.

395 1411 426 1442 3.
453 1409 567 1447 Sicque
590 1416 725 1448 superna
750 1407 918 1447 perfruens
943 1408 1078 1441 victoria

450 1455 592 1487 Fortiter
616 1456 739 1495 sprevit
764 1456 896 1496 gloriam
921 1465 978 1496 pro
1004 1456 1116 1497 gloria,

451 1502 594 1542 Diligens
622 1502 780 1534 Christum
806 1506 936 1542 pectore
960 1503 1155 1542 praevalido,

448 1550 569 1581 Balneo
593 1549 710 1588 gaudet
734 1558 768 1581 se
788 1549 950 1590 perfusem
976 1550 1090 1585 calido.

389 1607 421 1639 4.
447 1605 532 1637 Hinc
555 1613 612 1638 nos
638 1606 771 1638 eandem
796 1606 1003 1646 deprecamur
1027 1610 1210 1646 martyrem,

448 1652 495 1685 Ut
517 1653 569 1691 pio
594 1655 667 1685 voto
692 1662 748 1685 nos
774 1654 973 1686 commendet
995 1654 1130 1686 Domino

447 1699 494 1731 Et
517 1699 607 1731 nobis
634 1700 755 1732 veniam
779 1701 880 1741 ipsius
905 1701 1048 1734 obt-ineat

449 1746 633 1787 Virginitas,
659 1747 702 1778 sit
725 1748 794 1779 laus
816 1747 885 1791 tibi,
911 1748 1049 1781 trinitas.

255 1822 375 1858 Antiph.
402 1829 455 1849 ms.
475 1821 670 1850 Rasdorfense
696 1831 771 1850 saec.
796 1821 838 1850 15.
880 1823 949 1851 Cod.
969 1823 1091 1851 Fulden.
1109 1823 1159 1851 Aa
1178 1821 1223 1850 55.
1245 1824 1309 1852 add.
1333 1834 1408 1854 saec,
1431 1825 1475 1854 16.

179 1861 214 1888 A.
234 1874 272 1879 —
290 1860 409 1896 Antiph.
429 1868 482 1887 ms.
503 1860 696 1888 Rasdorfense
716 1868 791 1888 saec.
814 1858 857 1888 15.
888 1860 957 1888 Cod.
976 1861 1098 1889 Fulden.
1117 1861 1164 1889 Aa
1183 1859 1227 1888 71.
1248 1862 1313 1890 add.
1334 1871 1409 1892 saec.
1432 1863 1475 1893 16.

176 1898 209 1925 B.
231 1913 267 1917 —
287 1897 313 1925 A
332 1897 412 1925 fiihrt
432 1898 501 1925 aber
520 1899 559 1924 im
574 1898 664 1926 Tcxte
677 1896 763 1932 (XV.)
782 1899 837 1927 den
850 1899 967 1935 Anfang
986 1899 1036 1927 des
1053 1899 1197 1934 Hymnus,
1216 1900 1267 1927 der
1286 1900 1365 1928 darm
1378 1903 1475 1938 spater

177 1944 224 1963 am
237 1935 340 1963 Raude
358 1935 536 1971 vollstiindig
555 1935 769 1972 naehgetragen
788 1938 837 1964 ist.
860 1951 899 1955 —-
914 1934 938 1969 1,
959 1934 979 1963 4
991 1936 1048 1964 Sed
1059 1937 1134 1965 fehlt
1144 1937 1186 1972 A;
1209 1946 1265 1973 que
1278 1938 1352 1966 fehlt
1362 1939 1423 1967 AB.
1438 1955 1475 1958 —

171 1972 209 2007 4,
235 1970 253 1999 3
279 1975 394 2000 veniam
418 1975 459 2001 ist
482 1983 519 2001 zu
539 1973 745 2007 verschleifen,
767 1974 805 2001 cla
824 1976 908 2002 sonst
925 1976 990 2001 eine
1010 1974 1091 2002 Silbe
1110 1983 1148 2002 zu
1166 1975 1236 2002 viel.
1256 1991 1295 1996 —-
1313 1975 1340 2010 4,
1362 1975 1383 2004 4
1401 1977 1476 2005 fehlt

177 2012 243 2039 eine
265 2010 355 2046 silbe,
377 2019 407 2038 es
428 2011 470 2039 sei
492 2011 567 2039 denu
587 2011 652 2039 laus
672 2012 835 2046 zweisilbig
855 2011 1019 2047 gei-echnet.

604 2130 670 2161 257.
698 2130 742 2162 Dc
762 2131 873 2162 saneta
893 2130 1035 2163 Caecilia.

173 2201 204 2235 1.
229 2200 291 2241 En,
317 2200 448 2240 virginis
473 2200 629 2233 Caeciliae
850 2203 882 2234 2.
908 2201 994 2240 Quae
1017 2201 1136 2234 Christi
1161 2202 1360 2243 evangelium

228 2247 345 2287 Fulget
369 2247 434 2279 vita
459 2247 643 2287 clarissima,
908 2248 1137 2281 Abscondebat
1162 2249 1194 2281 in
1220 2253 1360 2290 pectore,

230 2295 328 2333 Quam
354 2303 487 2335 sponsus
512 2294 686 2335 pudicitiae
906 2295 951 2328 Ut
975 2297 1084 2329 Jesum
1109 2295 1213 2328 nitens
1237 2297 1343 2329 lilium

227 2342 336 2384 Elegit
359 2342 399 2374 ab
424 2340 568 2374 infantia.
908 2342 1001 2375 Casto
1026 2347 1170 2376 servaret
1195 2352 1339 2386 corpore,
