1653 2637
754 136 1014 172 —176-

665 260 733 292 296.
763 261 805 292 Dc
827 260 936 292 sancto
958 259 1105 291 Findano.

229 417 258 449 1.
285 417 439 449 Laetetur
462 418 562 449 omnis
588 418 649 450 hac
674 419 726 450 die

284 464 410 498 Devota
437 465 530 504 plebs
556 466 711 498 ecclesiae

285 512 370 545 Odas
396 512 464 545 Deo
488 513 594 545 laudis
620 522 720 545 novae

284 561 458 601 Flagrante
482 561 667 600 persolvens
692 560 765 595 fide.

225 618 256 651 2.
281 616 458 660 Findanus‚
486 618 575 648 exsul
600 618 730 659 saeculi,

284 664 430 696 Concivis
457 664 585 696 effectus
610 666 687 706 poli,

281 712 429 752 Adeptus
454 715 502 744 est
525 713 679 752 perennia

284 759 339 791 Sui
363 760 484 791 laboris
508 761 661 799 praemia.

223 817 255 850 3.
283 816 340 848 Cui
364 816 466 849 noctis
492 817 584 856 hujus
608 817 696 850 invia

282 863 360 896 Cum
385 864 555 904 singularis
581 873 615 896 se
639 863 709 896 fera

280 910 405 943 Inferre
429 920 568 944 morsum
593 912 738 955 credidit.

280 958 317 990 In
343 967 377 990 se
401 958 531 990 relisum
556 960 698 999 pertulit.

787 339 835 369 Ad
855 337 983 369 Laudes.

911 419 943 451 4.
971 417 1028 450 Vis
1058 419 1088 449 et
1114 418 1274 449 latronum
1300 416 1432 450 turbida

970 466 1032 498 Per
1054 465 1213 497 vastitatis
1240 465 1334 498 devia

973 512 1166 544 insidiarum
1190 513 1272 544 retia

969 560 1150 600 Mortisque
1172 560 1289 591 struxit
1313 559 1448 600 spicula.

909 619 939 650 5.
966 617 1122 649 Macrone
1146 617 1203 648 sed
1229 617 1320 649 verbi
1344 615 1406 647 Dei

967 666 1117 696 Armatus
1142 665 1195 696 hic
1217 664 1360 705 ancipiti,

964 712 1081 744 Tectus
1106 712 1220 744 salutis
1244 711 1371 744 casside

969 759 1101 792 Suffecit
1125 760 1248 791 hostem
1274 763 1428 792 sternere.

930 843 937 850 .
966 817 1062 856 Cujus
1086 817 1247 856 triumpho
1272 816 1374 849 nobili

967 864 1239 906 Congratulantes‚
1267 863 1355 907 socii,

966 911 1052 943 Hinc
1077 911 1234 943 conditori
1258 911 1387 944 sedulas

968 958 1037 990 Deo
1063 957 1203 991 feramus
1228 960 1357 1000 gratias,

612 1018 641 1049 7.
670 1015 815 1048 Summus
837 1024 953 1056 parens
977 1016 1011 1047 in
1035 1016 1128 1047 unico

666 1064 716 1096 Sit
739 1063 925 1096 benedictus
950 1061 1029 1102 filio,

664 1110 750 1142 Laus
776 1114 807 1142 et
830 1110 899 1153 tibi,
926 1111 1092 1150 paraclite,

665 1159 704 1190 In
727 1158 921 1198 sempiterno
944 1160 1099 1197 tempore.

297 1242 405 1277 Hymn.
432 1251 485 1269 ms.
507 1241 749 1278 Campidunensis
774 1241 809 1278 (‘?)
834 1250 910 1271 saec.
933 1240 976 1269 11.
1002 1244 1043 1269 in.
1084 1242 1154 1270 Ood.
1173 1243 1309 1271 Turicen.
1330 1242 1463 1270 Rhenov.
1487 1240 1533 1270 83.

221 1279 285 1306 add.
307 1288 382 1308 saec.
405 1278 448 1308 12.
463 1280 497 1308 A.
518 1295 554 1299 —-
568 1281 677 1315 Hymn.
692 1290 745 1308 ms.
758 1281 939 1309 Rhenovien.
954 1282 1023 1308 anni
1041 1279 1122 1308 1459.
1143 1289 1218 1309 saec.
1237 1279 1281 1309 15.
1314 1280 1384 1310 Cod.
1396 1281 1533 1308 Tun'cen.

220 1317 352 1345 Rhenov.
379 1317 424 1346 21.
452 1318 485 1345 Β.
513 1334 551 1338 -
579 1319 662 1346 Brev.
688 1328 741 1346 ms.
768 1319 974 1347 Rhenoviense
998 1327 1074 1347 saec.
1103 1317 1146 1346 15.
1188 1319 1256 1347 Cod.
1279 1319 1440 1347 Eremiten.
1468 1316 1532 1346 761.

222 1356 253 1382 C.
281 1372 315 1376 —
343 1357 427 1385 Brev.
458 1365 511 1384 ms.
537 1356 745 1385 Rhenoviense
770 1366 845 1385 saec.
868 1354 912 1385 15.
953 1357 1023 1384 Cod.
1046 1357 1208 1385 Eremiten.
1236 1356 1301 1385 762.
1321 1357 1358 1386 D.
1384 1371 1422 1377 —
1446 1358 1532 1385 Brev.

221 1402 273 1421 ms.
294 1394 517 1422 Benedictinum
537 1403 612 1422 saec.
628 1394 671 1423 15.
704 1395 773 1423 Cod.
787 1396 946 1423 Eremiten.
967 1392 1013 1422 84.
1027 1395 1063 1422 E.
1135 1396 1220 1423 Brev.
1241 1404 1294 1423 ms.
1310 1395 1533 1423 Benedictinum

222 1439 296 1459 saec.
320 1431 364 1459 15.
403 1432 471 1460 Cod.
491 1432 650 1460 Eremiten.
672 1431 736 1461 758.
758 1434 790 1462 F.
812 1450 848 1454 -
871 1432 927 1461 Cfr.
947 1433 1073 1461 Werner
1092 1434 1112 1461 1.
1134 1442 1157 1461 c.
1180 1433 1323 1461 CLXXV.

641 1591 707 1624 297.
736 1592 780 1623 De
804 1591 911 1623 sancto
931 1590 1112 1631 Frigdiano.

224 1680 255 1712 1.
283 1680 307 1713 O
333 1687 462 1720 germen
486 1679 578 1711 Jesse
604 1680 737 1721 virgula,

280 1727 385 1767 Digne
409 1728 597 1766 hymnorum
621 1727 763 1770 vocibus,

280 1775 340 1814 Qui
364 1775 575 1815 Frigdianum
599 1775 778 1815 praesulem

279 1822 408 1855 Dedisti
432 1822 535 1853 lucem
560 1822 691 1855 civibus.

223 1881 254 1911 2.
282 1879 439 1912 Ganamus
461 1879 555 1911 laetis
581 1879 721 1921 vocibus,

281 1926 368 1965 Quae
390 1926 480 1967 plebi
502 1927 608 1958 zelans
634 1926 767 1966 gloriam

280 1974 345 2005 Iste
369 1974 453 2014 regis
478 1974 661 2014 progenitus

280 2020 446 2061 Peregerit
467 2021 502 2052 in
526 2021 651 2053 Tuscia.

222 2078 253 2111 3.
279 2076 343 2108 Hic
366 2077 506 2117 lapidem
530 2077 565 2108 in
589 2077 728 2109 humeris

282 2125 360 2157 Cum
387 2124 511 2156 clericis
535 2124 696 2164 imposuit,

282 2172 381 2210 Quem
405 2171 494 2203 nulla
517 2181 570 2203 ars
595 2171 727 2203 artificis

280 2219 429 2259 Unquam
453 2227 580 2251 movere
604 2219 719 2258 potuit.

223 2277 255 2309 4.
282 2276 459 2308 Vaccarum
482 2284 543 2315 par
565 2275 753 2308 indomitum

281 2324 334 2356 Ad
360 2324 537 2363 plaustrum
559 2323 656 2362 jussit
677 2324 821 2366 jungere,

279 2372 324 2404 Et
345 2370 485 2412 lapidem
511 2371 695 2410 impositum

282 2420 464 2462 Coeperunt
487 2420 575 2450 recte
598 2419 736 2456 trahere.

908 1682 938 1712 5.
967 1680 1110 1712 Lucense
1135 1682 1295 1721 quondam
1321 1686 1501 1723 temporum

965 1727 1085 1759 Multos
1117 1737 1185 1761 cum
1211 1730 1288 1761 satis
1314 1730 1485 1771 hominum,

967 1775 1030 1807 Sed
1055 1773 1171 1808 flumen
1195 1778 1279 1809 ruris
1306 1777 1431 1810 diluens

964 1822 1018 1853 Ad
1042 1824 1140 1855 maris
1166 1825 1265 1856 traxit
1291 1825 1488 1858 barathrum.

931 1904 938 1911 .
966 1879 1054 1918 Quod
1081 1889 1173 1913 sacer
1197 1882 1250 1913 hic
1275 1883 1493 1924 considerans,

965 1927 1101 1959 Parvum
1128 1930 1253 1969 accepit
1277 1931 1443 1974 rastulum‚

966 1975 1064 2007 Orato
1088 1975 1166 2008 Jesu
1189 1977 1362 2010 lacrimans

962 2021 1097 2055 Flumen
1124 2025 1216 2056 duxit
1238 2025 1413 2061 innoxium.

931 2106 937 2112 .
963 2079 1061 2119 Signa
1084 2076 1137 2112 hic
1161 2082 1224 2122 egit
1248 2082 1397 2122 plurima,

966 2128 1151 2160 construxit
1175 2130 1277 2161 multa
1300 2129 1421 2171 limina,

966 2174 1098 2214 Semper
1122 2176 1264 2208 instabat
1290 2177 1422 2210 coelitus

965 2222 1123 2255 Assiduus
1148 2224 1277 2263 vigiliis,

931 2305 938 2312 .
965 2279 1028 2311 Hic
1052 2280 1205 2320 prudenS‚
1229 2281 1327 2321 mitis,
1353 2281 1490 2323 sobrius,

966 2326 1084 2359 Sancta
1112 2327 1185 2359 dum
1210 2326 1280 2359 finit
1306 2337 1414 2370 opera,

968 2374 1043 2406 Gum
1069 2375 1255 2406 meritorum
1281 2374 1440 2409 fructibus

966 2422 1020 2453 Ad
1047 2422 1127 2454 coeli
1151 2422 1280 2456 scandit
1303 2423 1423 2459 sidera.
