1653 2637
646 117 903 168 „133-

113 228 145 262 3.
170 222 226 262 Nil
250 228 333 261 scire
359 227 450 262 duxit
474 230 681 271 commodum,
807 231 837 263 7.
865 227 1034 263 confessor
1055 228 1119 261 Dei
1142 227 1283 273 inclitus,

170 276 252 308 Nisi
269 277 369 309 crucis
393 277 590 322 mysterium,
717 306 720 309 .
864 278 956 310 Omni
982 276 1099 309 virtute
1123 277 1298 321 praeditus,

172 324 219 357 Ut
242 326 274 356 te
299 327 457 368 sequatur,
483 324 628 368 Domine,
865 324 1021 357 Elevatur
1043 324 1077 356 in
1102 324 1229 367 gaudio,

170 370 300 404 Luci-s
326 374 503 404 creator
528 373 693 413 optime.
865 372 1049 414 Hymnum
1067 373 1233 404 dicamus
1246 371 1416 405 Domino.

113 430 147 461 4.
173 425 224 462 Ex
246 429 318 468 ipsa
341 429 479 469 pueritia
809 431 839 464 8.
865 426 1075 463 Transeamus
1099 428 1140 461 ad
1164 429 1335 461 Dominum

173 475 317 516 Spim'tali
342 476 457 511 militia
847 477 855 481 ”
872 478 930 509 Per
954 481 986 508 te
1012 477 1123 509 ducem
1148 476 1366 516 clarissimum

174 522 295 556 Gerens
319 526 352 556 ‘ce
378 524 474 557 corde
498 525 601 566 senili²
684 540 687 543 ·
866 523 913 557 Ut
936 527 969 556 te
991 524 1147 564 possimus
1171 522 1286 564 visere.

173 571 293 611 Jesu,
319 571 518 605 salvator
539 571 712 606 saeculi.
866 572 967 604 Jesu
1025 571 1217 612 Christe,
1266 572 1423 604 auctor

1190 619 1229 651 vi
1239 623 1253 651 t.
1260 628 1281 652 a
1290 628 1318 652 e.

118 676 148 708 5.
175 672 364 715 Disciplinis
389 675 586 708 scholaribus
811 676 843 710 9.
866 672 976 710 Uerus
1004 679 1051 708 est
1072 676 1126 708 hic
1152 676 1346 717 christicola,

176 722 238 754 Est
260 722 380 756 Romae
404 731 482 762 puer
507 724 652 763 traditus,
872 723 929 755 Oui
954 726 1055 755 mater
1078 724 1213 755 ecclesia

177 769 243 802 Ubi
267 770 416 813 studebat
439 771 549 804 sedule
872 770 994 802 Premit
1014 771 1090 802 meli
1117 771 1325 810 dulcedinem,

173 814 430 858 Myste‘rium
457 818 683 850 ecciesiae.
867 817 978 850 Urbs
1004 818 1132 850 beata
1153 819 1406 852 Jerusalem.

116 875 148 907 6.
173 871 242 907 Iste
263 873 368 907 fidelis
393 874 547 918 serviens7
801 875 855 908 10.
870 872 921 909 Sit
944 874 1005 907 tibi
1029 876 1098 908 laus
1124 878 1156 906 et
1179 875 1291 916 gloria,

175 921 244 953 Deo
268 923 397 961 placere
421 922 561 961 cupiens,
869 923 926 962 Qui
953 923 1009 954 das
1031 924 1063 955 in
1090 923 1167 955 coeli
1195 923 1283 955 curia

174 968 343 1001 Modestus
369 972 399 1001 et
422 970 604 1009 laudabilis,
872 970 949 1002 Post
971 969 1065 1009 hujus
1089 971 1174 1002 vitae
1196 970 1302 1002 stadia

175 1017 326 1048 Amore
351 1016 517 1050 Christi
543 1016 718 1052 nobilis.
869 1018 1043 1050 Aeterna
1066 1017 1217 1050 Christi
1249 1026 1420 1053 munera.

195 1081 264 1109 Ood.
286 1080 540 1117 Guelfenbyteran.
560 1080 609 1117 (01.
627 1080 809 1116 cistercien.)
827 1081 867 1109 H.
885 1079 1052 1109 1163sae0.
1075 1080 1118 1110 15.
1139 1091 1184 1109 ex.
1201 1096 1242 1102 —-
1264 1080 1294 1115 3,
1315 1080 1340 1109 2‘
1353 1082 1419 1110 Nisi

118 1120 203 1147 curis.
222 1134 259 1139 „-
280 1119 306 1154 5,
327 1117 345 1147 3
365 1120 501 1148 studebat
511 1121 575 1148 Deo
596 1120 722 1147 sedulus.
743 1134 781 1140 -·—
799 1118 826 1154 9,
847 1118 867 1146 4
880 1119 923 1147 Et
940 1120 1009 1147 urbs
1021 1120 1117 1148 beata.
1139 1135 1175 1140 —
1193 1120 1243 1148 Da
1255 1121 1303 1147 die
1313 1121 1426 1148 lenton

116 1157 216 1185 Zessen
237 1158 320 1192 jeder
344 1158 469 1194 Strophe
495 1157 629 1194 Anffinge
654 1157 775 1186 anderer
795 1158 931 1193 Hymnen
957 1157 1036 1191 sind,
1062 1157 1157 1186 diii-ste
1182 1158 1243 1186 dies
1271 1159 1345 1186 auch
1368 1160 1423 1186 mit

116 1194 143 1230 2,
164 1194 184 1223 4
205 1196 255 1224 der
273 1195 340 1224 Fan
359 1197 435 1232 sein,
457 1196 586 1224 obschon
608 1197 664 1223 mir
685 1197 732 1223 ein
750 1196 826 1223 Lied
846 1195 942 1223 dieses
961 1195 1091 1232 Anfangs
1110 1196 1192 1223 nicht
1211 1196 1343 1224 bekannt
1361 1198 1408 1224 ist.

546 1323 613 1356 223.
642 1323 686 1356 De
708 1326 814 1356 sancto
838 1324 1013 1364 Benedicta,

617 1392 666 1421 Ad
690 1391 928 1429 completorium.

120 1463 151 1496 1.
178 1462 370 1494 Benedictus
395 1461 621 1501 sanctissimus,
803 1465 833 1496 5.
861 1462 1062 1500 Benedictus,
1090 1463 1241 1502 apostolis

179 1510 270 1542 Omni
296 1510 414 1541 virtute
437 1510 632 1549 praeclarus,
864 1506 1004 1542 Caritate
1029 1511 1217 1551 coaequalis,

175 1557 249 1590 Tibi
273 1561 384 1589 sancta
406 1557 570 1589 theotocos
861 1557 955 1589 Nunc
978 1556 1062 1589 bibit
1084 1560 1220 1590 mustum
1245 1557 1405 1591 fervidum

178 1605 358 1645 Conregnat
381 1606 468 1644 apud
492 1614 636 1646 superos.
861 1605 1030 1636 Immemor
1054 1606 1309 1645 praeteritorum.

119 1664 151 1696 2.
176 1661 380 1704 Benedictus,
406 1661 594 1694 sublimibus
805 1663 837 1695 6.
863 1662 1064 1702 Benedictus,
1094 1653 1277 1695 ddctoribus

179 1708 341 1750 Angelicis
367 1709 532 1742 ordinibus
861 1709 1025 1750 Sapientia
1050 1714 1222 1748 consertus,

177 1757 251 1789 Non
275 1757 378 1797 impar
400 1757 434 1788 in
459 1758 620 1802 mysterio⁷
864 1755 1043 1789 informans
1068 1758 1110 1789 ad
1135 1758 1268 1790 subtilia

176 1804 237 1837 His
263 1813 392 1837 consors
419 1806 507 1837 vultu
529 1806 627 1839 vario.
866 1804 1016 1837 Subditos
1046 1809 1078 1837 et
1101 1806 1201 1839 utilia.

119 1864 151 1896 3.
175 1862 378 1902 Benedictus,
407 1861 577 1894 consimilis
808 1863 839 1896 ¹7.
865 1862 1068 1903 Benedictus,
1098 1862 1291 1903 martyribus

175 1909 260 1942 Fide
283 1911 401 1942 sanctis
427 1910 637 1952 patriarchis.
867 1909 1004 1949 Compar
1027 1910 1060 1942 in
1085 1910 1297 1951 passionibus,

180 1958 432 1999 Contemplando
457 1954 621 1999 limpidius
866 1957 995 1990 Patiens
1022 1958 1053 1989 in
1078 1956 1212 2002 injurus,

181 2007 302 2039 Adstat
324 2006 467 2046 ipsorum
494 2006 644 2039 coetibus.
866 2005 992 2038 Sodalis
1019 2008 1067 2038 est
1087 2006 1122 2038 in
1146 2006 1281 2046 gaudiis.

119 2066 153 2097 4.
179 2064 383 2105 Benedictus,
408 2073 468 2103 par
487 2064 669 2106 prophetis,
809 2065 841 2097 8.
856 2063 1064 2108 ‘Benedictus‘
1082 2063 1125 2095 sis
1148 2063 1183 2095 in
1204 2064 1289 2105 polo,

177 2113 283 2144 Adest
308 2121 415 2145 eorum
442 2113 558 2153 cuneis,
868 2110 927 2150 Qui
953 2111 1045 2150 sedes
1069 2108 1102 2150 in
1128 2121 1247 2144 summo
1272 2112 1397 2152 throno,

183 2160 248 2201 Spe
272 2163 367 2201 atque
392 2169 428 2193 re
451 2159 639 2201 perfruitur,
863 2159 939 2191 Tibi
965 2159 1005 2191 sit
1028 2160 1099 2192 laus
1124 2168 1162 2192 ac
1186 2161 1286 2201 gloria

176 2208 243 2248 Quo
275 2209 319 2241 nil
348 2209 470 2241 dulcius
496 2211 651 2248 gustatur.
866 2208 903 2240 In
928 2207 1122 2248 sempiterna
1146 2209 1282 2244 saecula.

196 2274 264 2303 Cod.
290 2275 547 2311 Guelfenbyteran.
578 2274 627 2311 (ol.
654 2272 837 2313 cistercien.)
871 2273 909 2301 H.
938 2270 1019 2302 1163.
1047 2283 1122 2310 saec.
1145 2272 1188 2302 15.
1217 2284 1260 2302 ex.
1288 2290 1325 2295 —
1354 2273 1387 2309 4,
1417 2275 1437 2303 4

116 2315 256 2350 gestatur.
283 2330 320 2334 -—
341 2311 368 2347 8,
390 2312 408 2342 3
425 2314 493 2342 laus
514 2316 544 2342 et
562 2313 702 2350 gaudium
723 2322 757 2341 ac
776 2312 889 2349 gloria..
902 2326 937 2331 -—
959 2313 1049 2340 Diese
1070 2310 1133 2341 drei
1153 2313 1290 2349 Hymnen
1312 2315 1366 2341 auf
1381 2314 1437 2342 den

116 2352 159 2379 hl.
179 2352 321 2380 Benedict
346 2352 486 2380 scheinen
505 2361 565 2381 von
584 2351 753 2385 demselben
772 2351 926 2379 Verfasser
946 2360 984 2378 zu
1003 2352 1069 2379 sein
1087 2353 1142 2380 wie
1164 2352 1212 2380 die
1229 2352 1338 2380 Lieder
1353 2353 1435 2380 Ana-

115 2391 194 2418 lecta
205 2390 255 2425 IV,
270 2391 324 2420 Nr.
341 2389 395 2419 195
408 2391 469 2418 und
487 2389 547 2428 196,
565 2391 614 2419 die
630 2391 704 2419 auch
719 2392 751 2418 in
767 2389 863 2417 dieser
877 2389 931 2417 Hs.
946 2386 1123 2418 stehen'und
1136 2390 1194 2418 alle
1209 2390 1262 2418 das
1276 2390 1436 2419 Akrostich

113 2429 289 2458 Benedictus
310 2430 421 2466 zeigen.
