1653 2637
158 196 188 228 3.
217 195 311 228 Nunc
335 206 398 230 vox
416 201 555 232 exsultet
579 203 715 234 omnium
843 204 875 238 4.
902 201 976 235 Tibi
1002 201 1124 234 devotis
1149 201 1259 244 filium,

215 242 355 277 Dicens:
379 247 404 279 Ο
429 247 526 287 plena
551 250 662 294 gratia,
899 249 1006 282 Maria
1030 249 1217 288 repropitia,

218 291 243 323 O
271 292 401 325 deitatis
425 295 588 336 scrinium,
902 298 927 331 O
953 297 1101 336 clemenS,
1128 305 1146 328 o
1170 295 1236 336 pia,
1258 297 1357 336 pium,

216 337 294 372 Jesu
319 344 423 373 mater
448 344 480 374 et
502 341 580 377 filia.
902 346 926 378 Ο
955 345 1056 377 dulcis
1082 344 1171 384 virgo
1196 343 1312 377 Maria.

597 404 629 434 5.
653 403 740 446 Jesu,
766 402 825 434 tibi
850 402 893 433 sit
917 402 1028 443 gloria.

232 471 311 499 Orat.
331 480 384 500 ms.
407 473 580 503 Carthusiae
594 475 758 504 Erfordien.
781 485 857 505 saec.
875 475 916 504 15.
938 474 1163 510 (Privatbesitz).
1177 490 1215 495 -—
1229 473 1257 510 2,
1277 473 1297 503 4
1310 475 1416 502 salvat.
1431 488 1468 493 —-

154 506 184 544 4,
205 505 223 537 3
243 509 342 538 fehlen
361 513 433 540 zwei
457 510 574 549 Silben3
595 515 676 549 pium
697 516 825 551 ergfinzt.

607 623 652 655 95.
681 625 716 656 In
737 624 912 656 Nativitatc
932 625 1020 656 BMV.

420 702 450 735 1.
477 702 558 745 Ave,
585 702 700 747 Maria,
727 712 787 743 per
811 713 903 744 quam
929 704 1100 744 prophetia

480 749 577 790 Legis
603 751 770 793 completa,
797 754 833 783 tu
855 751 1003 783 miseriae
1026 753 1121 791 meta,

479 797 529 829 Tu
552 798 651 830 maris
676 799 780 838 stella,
806 802 901 839 porta
925 798 1120 837 clementiae,

481 844 543 876 Per
569 855 664 886 quam
688 847 832 886 procella
857 848 961 879 cessat
987 846 1176 880 discordiae.

420 904 452 935 2.
479 903 560 943 Ave,
585 904 707 944 regina,
731 904 845 943 culpae
866 903 1035 942 medicina,

480 951 580 983 Porta
604 951 726 990 salutis,
750 951 947 991 praesidium
972 951 1109 992 virtutis,

478 998 570 1030 Aura
595 996 723 1040 favoris,
751 1008 866 1031 aurora
889 998 1021 1041 gratiae,

479 1045 597 1085 Pignus
623 1046 749 1085 amoris,
775 1045 888 1078 foedus
914 1047 1112 1079 concordiae.

425 1104 456 1136 3.
482 1103 561 1147 Ave,
589 1101 648 1134 flos
671 1102 792 1142 florum,
822 1103 917 1136 decus
942 1104 1136 1144 angelorum,

477 1150 565 1183 Rosa
587 1151 720 1189 pudoris
747 1153 778 1182 et
800 1151 904 1184 lilium
930 1151 1088 1190 candoris,

480 1198 584 1231 ,Iubar
608 1200 776 1239 astrorum,
805 1200 901 1231 decor
924 1199 1086 1238 ecclesiae,

477 1245 589 1278 Robur
613 1249 799 1286 castrorum,
826 1247 933 1287 palma
957 1247 1118 1278 victoriae.

420 1304 452 1336 4.
480 1302 601 1335 Chorus
627 1303 751 1336 decoris
777 1303 912 1343 virginei
935 1303 1023 1336 floris

477 1350 638 1390 Hymnum
662 1351 792 1384 honoris
819 1353 851 1383 et
875 1351 1033 1383 canticum
1058 1350 1174 1383 amoris

478 1398 590 1430 Mente
615 1398 731 1431 devota
754 1398 874 1438 psallat
898 1398 1039 1439 quotidie

480 1446 597 1478 Procul
622 1451 727 1479 amota
750 1447 875 1486 peccati
900 1446 996 1480 carie.

418 1504 450 1536 5.
479 1502 624 1535 Clamant
649 1503 802 1535 ancillae:
829 1503 892 1547 pia,
915 1504 1077 1544 miserere,

478 1549 600 1583 Fluunt
623 1551 781 1594 maxillae,
807 1551 945 1583 miseriis
969 1551 1108 1590 medere,

475 1599 564 1630 Audi
589 1598 769 1638 clamorem,
796 1600 837 1631 ad
862 1597 971 1631 fletum
996 1598 1130 1639 respice,

475 1645 579 1678 Aufer
602 1648 773 1679 tremorem
795 1648 923 1687 placato
945 1647 1066 1687 judice.

419 1705 449 1737 6.
476 1703 574 1744 Virgo
599 1704 746 1746 benigna,
773 1704 858 1737 omni
882 1705 979 1737 laude
1005 1704 1109 1745 digna,

475 1752 569 1783 Votis
593 1752 735 1792 adspira,
762 1761 820 1784 nos
841 1752 961 1791 judicis
986 1752 1026 1783 ab
1050 1752 1102 1783 ira

476 1798 545 1830 Tuo
572 1798 726 1832 defendas
751 1802 841 1832 scuto
867 1800 1063 1839 clementiae,

475 1847 591 1887 Lapsis
615 1847 782 1887 impendas
808 1847 950 1880 favorem
975 1847 1106 1887 gratiae.

419 1906 450 1937 7.
473 1904 620 1937 Monstra
644 1907 676 1936 te
700 1907 835 1937 matrem
859 1904 1047 1945 imperando
1071 1906 1156 1945 nato,

474 1952 594 1984 Hortet
615 1955 652 1984 ut
675 1954 801 1993 patrem
824 1954 926 1985 latere
949 1954 1163 1995 praesentato,

475 2000 566 2032 Sicut
587 2002 624 2032 tu
645 2004 756 2034 natum
779 2002 890 2041 placas
914 2010 974 2041 per
997 2000 1108 2042 ubera,

474 2049 604 2081 Patrem
630 2052 663 2080 et
685 2050 779 2082 natus
804 2050 909 2091 placet
934 2057 993 2089 per
1017 2049 1160 2082 vulnera.

415 2108 447 2140 8.
475 2105 587 2139 Gloria
611 2108 708 2147 patri,
735 2107 831 2139 decus
856 2106 1004 2146 trinitati,

473 2155 585 2187 Honor
609 2155 653 2186 sit
676 2155 782 2195 matri,
807 2163 867 2195 per
892 2163 986 2195 quam
1011 2162 1118 2185 sumus
1143 2153 1256 2193 renati,

471 2202 589 2243 Lapsis
614 2206 782 2236 succurrat
805 2212 958 2243 praesens
984 2201 1137 2243 potentia,

471 2250 588 2292 Lapsis
614 2254 762 2284 occurrat
785 2250 897 2283 matris
924 2251 1102 2283 clementia.

224 2325 335 2360 Hymn.
360 2334 412 2354 ms.
435 2326 607 2362 Campensis
628 2328 700 2354 anni
722 2324 804 2354 1462.
838 2325 907 2354 Ood.
922 2326 1141 2354 Darmstadien.
1163 2324 1226 2354 521.
1241 2340 1279 2345 —
1299 2324 1325 2360 5,
1349 2323 1364 2352 1
1387 2325 1466 2353 omni

143 2364 227 2392 fehlt.
254 2379 292 2383 —
321 2364 355 2399 6,
381 2362 401 2391 4
421 2367 452 2392 et
470 2366 601 2400 ergi'mzt.
620 2379 658 2383 —
678 2365 738 2393 Die
757 2366 861 2393 zweite
880 2365 960 2393 Zeile
976 2364 1059 2400 jeder
1081 2363 1208 2401 Sti-ephe
1227 2364 1281 2392 hat
1299 2366 1366 2393 eine
1385 2363 1467 2392 silbe

145 2402 229 2431 mehr
249 2402 293 2430 als
314 2403 364 2431 die
383 2403 512 2431 anderen
532 2402 624 2432 verse
