<?xml version="1.0" encoding="UTF-8"?>
<!DOCTYPE html PUBLIC "-//W3C//DTD XHTML 1.0 Transitional//EN"
    "http://www.w3.org/TR/xhtml1/DTD/xhtml1-transitional.dtd">
<html xmlns="http://www.w3.org/1999/xhtml" xml:lang="en" lang="en">
 <head>
  <title>
</title>
<meta http-equiv="Content-Type" content="text/html;charset=utf-8" />
  <meta name='ocr-system' content='tesseract 3.04.00' />
  <meta name='ocr-capabilities' content='ocr_page ocr_carea ocr_par ocr_line ocrx_word'/>
</head>
<body>
  <div class='ocr_page' id='page_1' title='image "./analectahymnica23drevuoft_00177.png"; bbox 0 0 1653 2637; ppageno 0'>
   <div class='ocr_carea' id='block_1_1' title="bbox 737 150 995 186">
    <p class='ocr_par' dir='ltr' id='par_1_1' title="bbox 737 150 995 186">
     <span class='ocr_line' id='line_1_1' title="bbox 737 150 995 186; baseline 0.004 -1"><span class='ocrx_word' id='word_1_1' title='bbox 737 170 777 176; x_wconf 91' lang='lat'>—</span> <span class='ocrx_word' id='word_1_2' title='bbox 831 150 995 186; x_wconf 83' lang='lat'><strong>174—</strong></span> 
     </span>
    </p>
   </div>
   <div class='ocr_carea' id='block_1_2' title="bbox 524 247 1247 374">
    <p class='ocr_par' dir='ltr' id='par_1_2' title="bbox 524 247 1247 374">
     <span class='ocr_line' id='line_1_2' title="bbox 524 247 1227 288; baseline -0.003 -9"><span class='ocrx_word' id='word_1_3' title='bbox 524 247 555 279; x_wconf 80' lang='grc'>5.</span> <span class='ocrx_word' id='word_1_4' title='bbox 580 247 625 279; x_wconf 86' lang='lat' dir='ltr'>Et</span> <span class='ocrx_word' id='word_1_5' title='bbox 650 247 762 287; x_wconf 87' lang='lat' dir='ltr'>quibus</span> <span class='ocrx_word' id='word_1_6' title='bbox 787 247 883 280; x_wconf 83' lang='lat' dir='ltr'>vitam</span> <span class='ocrx_word' id='word_1_7' title='bbox 910 247 1000 279; x_wconf 83' lang='lat' dir='ltr'>dedit</span> <span class='ocrx_word' id='word_1_8' title='bbox 1024 248 1098 277; x_wconf 84' lang='lat' dir='ltr'>ante</span> <span class='ocrx_word' id='word_1_9' title='bbox 1121 249 1227 288; x_wconf 89' lang='lat' dir='ltr'>partu,</span> 
     </span>
     <span class='ocr_line' id='line_1_3' title="bbox 579 292 1247 334; baseline -0.003 -8"><span class='ocrx_word' id='word_1_10' title='bbox 579 294 675 326; x_wconf 78' lang='lat' dir='ltr'>Nunc</span> <span class='ocrx_word' id='word_1_11' title='bbox 700 303 765 327; x_wconf 88' lang='lat' dir='ltr'>eam</span> <span class='ocrx_word' id='word_1_12' title='bbox 793 303 902 326; x_wconf 87' lang='lat' dir='ltr'>rursus</span> <span class='ocrx_word' id='word_1_13' title='bbox 925 294 981 334; x_wconf 85' lang='lat' dir='ltr'>pia</span> <span class='ocrx_word' id='word_1_14' title='bbox 1003 296 1107 325; x_wconf 89' lang='lat' dir='ltr'>mater</span> <span class='ocrx_word' id='word_1_15' title='bbox 1132 292 1247 333; x_wconf 83' lang='lat' dir='ltr'>aufert,</span> 
     </span>
     <span class='ocr_line' id='line_1_4' title="bbox 581 341 1219 374; baseline -0.003 0"><span class='ocrx_word' id='word_1_16' title='bbox 581 341 668 374; x_wconf 85' lang='lat' dir='ltr'>Voce</span> <span class='ocrx_word' id='word_1_17' title='bbox 693 343 766 374; x_wconf 89' lang='lat' dir='ltr'>dum</span> <span class='ocrx_word' id='word_1_18' title='bbox 788 342 873 374; x_wconf 86' lang='lat' dir='ltr'>laeta</span> <span class='ocrx_word' id='word_1_19' title='bbox 895 344 1004 373; x_wconf 85' lang='lat' dir='ltr'>monet</span> <span class='ocrx_word' id='word_1_20' title='bbox 1027 344 1115 373; x_wconf 88' lang='lat' dir='ltr'>astra</span> <span class='ocrx_word' id='word_1_21' title='bbox 1140 341 1219 373; x_wconf 84' lang='lat' dir='ltr'>coeli</span> 
     </span>
    </p>
   </div>
   <div class='ocr_carea' id='block_1_3' title="bbox 623 389 903 430">
    <p class='ocr_par' dir='ltr' id='par_1_3' title="bbox 623 389 903 430">
     <span class='ocr_line' id='line_1_5' title="bbox 623 389 903 430; baseline 0.007 -9"><span class='ocrx_word' id='word_1_22' title='bbox 623 389 731 421; x_wconf 87' lang='lat' dir='ltr'>Morte</span> <span class='ocrx_word' id='word_1_23' title='bbox 753 389 903 430; x_wconf 83' lang='lat' dir='ltr'>petenda.</span> 
     </span>
    </p>
   </div>
   <div class='ocr_carea' id='block_1_4' title="bbox 526 445 1221 581">
    <p class='ocr_par' dir='ltr' id='par_1_4' title="bbox 526 445 1221 581">
     <span class='ocr_line' id='line_1_6' title="bbox 526 445 1202 486; baseline -0.004 -7"><span class='ocrx_word' id='word_1_24' title='bbox 526 448 556 479; x_wconf 90' lang='lat'>6.</span> <span class='ocrx_word' id='word_1_25' title='bbox 583 446 745 479; x_wconf 88' lang='lat' dir='ltr'>Plumbeis</span> <span class='ocrx_word' id='word_1_26' title='bbox 770 446 895 478; x_wconf 84' lang='lat' dir='ltr'><strong>Primus</strong></span> <span class='ocrx_word' id='word_1_27' title='bbox 919 445 1036 477; x_wconf 81' lang='lat' dir='ltr'>misere</span> <span class='ocrx_word' id='word_1_28' title='bbox 1060 447 1202 486; x_wconf 81' lang='lat' dir='ltr'>necatur,</span> 
     </span>
     <span class='ocr_line' id='line_1_7' title="bbox 579 493 1221 532; baseline -0.003 -7"><span class='ocrx_word' id='word_1_29' title='bbox 579 493 732 525; x_wconf 82' lang='lat' dir='ltr'>Fustibus</span> <span class='ocrx_word' id='word_1_30' title='bbox 757 493 851 525; x_wconf 78' lang='lat' dir='ltr'>Felix</span> <span class='ocrx_word' id='word_1_31' title='bbox 877 493 965 525; x_wconf 84' lang='lat' dir='ltr'>cadit</span> <span class='ocrx_word' id='word_1_32' title='bbox 988 495 1020 524; x_wconf 90' lang='lat' dir='ltr'>et</span> <span class='ocrx_word' id='word_1_33' title='bbox 1043 493 1221 532; x_wconf 82' lang='lat' dir='ltr'><strong>Philippus,</strong></span> 
     </span>
     <span class='ocr_line' id='line_1_8' title="bbox 580 540 1187 581; baseline -0.002 -9"><span class='ocrx_word' id='word_1_34' title='bbox 580 541 673 580; x_wconf 86' lang='lat' dir='ltr'>Rupe</span> <span class='ocrx_word' id='word_1_35' title='bbox 697 540 855 581; x_wconf 87' lang='lat' dir='ltr'>Silvanus,</span> <span class='ocrx_word' id='word_1_36' title='bbox 881 540 997 580; x_wconf 84' lang='lat' dir='ltr'>reliqui</span> <span class='ocrx_word' id='word_1_37' title='bbox 1020 542 1187 579; x_wconf 83' lang='lat' dir='ltr'>reportant</span> 
     </span>
    </p>
   </div>
   <div class='ocr_carea' id='block_1_5' title="bbox 623 588 939 628">
    <p class='ocr_par' dir='ltr' id='par_1_5' title="bbox 623 588 939 628">
     <span class='ocr_line' id='line_1_9' title="bbox 623 588 939 628; baseline 0.003 -9"><span class='ocrx_word' id='word_1_38' title='bbox 623 588 711 620; x_wconf 87' lang='lat' dir='ltr'>Ense</span> <span class='ocrx_word' id='word_1_39' title='bbox 735 588 939 628; x_wconf 89' lang='lat' dir='ltr'>triumphum.</span> 
     </span>
    </p>
   </div>
   <div class='ocr_carea' id='block_1_6' title="bbox 522 644 1285 779">
    <p class='ocr_par' dir='ltr' id='par_1_6' title="bbox 522 644 1285 779">
     <span class='ocr_line' id='line_1_10' title="bbox 522 644 1285 686; baseline -0.003 -9"><span class='ocrx_word' id='word_1_40' title='bbox 522 646 552 679; x_wconf 87' lang='lat'>7.</span> <span class='ocrx_word' id='word_1_41' title='bbox 578 645 665 685; x_wconf 82' lang='lat' dir='ltr'>Ergo</span> <span class='ocrx_word' id='word_1_42' title='bbox 691 645 768 677; x_wconf 87' lang='lat' dir='ltr'>ades</span> <span class='ocrx_word' id='word_1_43' title='bbox 792 645 921 686; x_wconf 90' lang='lat' dir='ltr'>nostris,</span> <span class='ocrx_word' id='word_1_44' title='bbox 948 653 1040 676; x_wconf 81' lang='lat' dir='ltr'>saera</span> <span class='ocrx_word' id='word_1_45' title='bbox 1063 644 1166 683; x_wconf 86' lang='lat' dir='ltr'>turba,</span> <span class='ocrx_word' id='word_1_46' title='bbox 1192 644 1285 686; x_wconf 81' lang='lat' dir='ltr'>votis,</span> 
     </span>
     <span class='ocr_line' id='line_1_11' title="bbox 579 692 1237 733; baseline -0.003 -9"><span class='ocrx_word' id='word_1_47' title='bbox 579 692 687 724; x_wconf 87' lang='lat' dir='ltr'>Rebus</span> <span class='ocrx_word' id='word_1_48' title='bbox 710 694 747 724; x_wconf 93' lang='lat' dir='ltr'>ut</span> <span class='ocrx_word' id='word_1_49' title='bbox 768 692 861 724; x_wconf 90' lang='lat' dir='ltr'>laetis</span> <span class='ocrx_word' id='word_1_50' title='bbox 885 692 971 724; x_wconf 90' lang='lat' dir='ltr'>mala</span> <span class='ocrx_word' id='word_1_51' title='bbox 994 692 1084 723; x_wconf 86' lang='lat' dir='ltr'>nulla</span> <span class='ocrx_word' id='word_1_52' title='bbox 1105 692 1237 733; x_wconf 76' lang='lat' dir='ltr'><strong>spirent,</strong></span> 
     </span>
     <span class='ocr_line' id='line_1_12' title="bbox 577 738 1206 779; baseline -0.002 -8"><span class='ocrx_word' id='word_1_53' title='bbox 577 739 621 771; x_wconf 88' lang='lat' dir='ltr'>Et</span> <span class='ocrx_word' id='word_1_54' title='bbox 646 738 731 771; x_wconf 86' lang='lat' dir='ltr'>fores</span> <span class='ocrx_word' id='word_1_55' title='bbox 754 740 884 771; x_wconf 89' lang='lat' dir='ltr'>tandem</span> <span class='ocrx_word' id='word_1_56' title='bbox 908 742 1030 771; x_wconf 79' lang='lat' dir='ltr'>reseret</span> <span class='ocrx_word' id='word_1_57' title='bbox 1049 747 1206 779; x_wconf 84' lang='lat' dir='ltr'>supernae</span> 
     </span>
    </p>
   </div>
   <div class='ocr_carea' id='block_1_7' title="bbox 623 786 894 827">
    <p class='ocr_par' dir='ltr' id='par_1_7' title="bbox 623 786 894 827">
     <span class='ocr_line' id='line_1_13' title="bbox 623 786 894 827; baseline 0.004 -9"><span class='ocrx_word' id='word_1_58' title='bbox 623 786 770 827; x_wconf 87' lang='lat' dir='ltr'>Olaviger</span> <span class='ocrx_word' id='word_1_59' title='bbox 792 787 894 820; x_wconf 88' lang='lat' dir='ltr'>aulae.</span> 
     </span>
    </p>
   </div>
   <div class='ocr_carea' id='block_1_8' title="bbox 517 842 1171 978">
    <p class='ocr_par' dir='ltr' id='par_1_8' title="bbox 517 842 1171 978">
     <span class='ocr_line' id='line_1_14' title="bbox 517 842 1170 877; baseline -0.005 -1"><span class='ocrx_word' id='word_1_60' title='bbox 517 845 549 877; x_wconf 88' lang='lat'>8.</span> <span class='ocrx_word' id='word_1_61' title='bbox 575 844 721 875; x_wconf 75' lang='lat' dir='ltr'>Praestet</span> <span class='ocrx_word' id='word_1_62' title='bbox 747 844 808 875; x_wconf 86' lang='lat' dir='ltr'>hoo</span> <span class='ocrx_word' id='word_1_63' title='bbox 831 843 922 875; x_wconf 90' lang='lat' dir='ltr'>nobis</span> <span class='ocrx_word' id='word_1_64' title='bbox 949 843 1050 875; x_wconf 90' lang='lat' dir='ltr'>deitas</span> <span class='ocrx_word' id='word_1_65' title='bbox 1073 842 1170 873; x_wconf 87' lang='lat' dir='ltr'>beata</span> 
     </span>
     <span class='ocr_line' id='line_1_15' title="bbox 578 890 1171 930; baseline -0.005 -7"><span class='ocrx_word' id='word_1_66' title='bbox 578 891 683 923; x_wconf 82' lang='lat' dir='ltr'>Patris</span> <span class='ocrx_word' id='word_1_67' title='bbox 709 900 748 923; x_wconf 83' lang='lat' dir='ltr'>ao</span> <span class='ocrx_word' id='word_1_68' title='bbox 770 891 838 923; x_wconf 89' lang='lat' dir='ltr'>nati</span> <span class='ocrx_word' id='word_1_69' title='bbox 862 891 1046 930; x_wconf 83' lang='lat' dir='ltr'>pariterque</span> <span class='ocrx_word' id='word_1_70' title='bbox 1069 890 1171 921; x_wconf 82' lang='lat' dir='ltr'>sancti</span> 
     </span>
     <span class='ocr_line' id='line_1_16' title="bbox 578 937 1142 978; baseline -0.004 -9"><span class='ocrx_word' id='word_1_71' title='bbox 578 938 726 978; x_wconf 81' lang='lat' dir='ltr'>Spiritus,</span> <span class='ocrx_word' id='word_1_72' title='bbox 753 939 841 978; x_wconf 83' lang='lat' dir='ltr'>eujus</span> <span class='ocrx_word' id='word_1_73' title='bbox 864 938 976 970; x_wconf 83' lang='lat' dir='ltr'>reboat</span> <span class='ocrx_word' id='word_1_74' title='bbox 998 938 1032 968; x_wconf 90' lang='lat' dir='ltr'>in</span> <span class='ocrx_word' id='word_1_75' title='bbox 1058 937 1142 969; x_wconf 92' lang='lat' dir='ltr'>omni</span> 
     </span>
    </p>
   </div>
   <div class='ocr_carea' id='block_1_9' title="bbox 621 985 884 1018">
    <p class='ocr_par' dir='ltr' id='par_1_9' title="bbox 621 985 884 1018">
     <span class='ocr_line' id='line_1_17' title="bbox 621 985 884 1018; baseline 0.004 -1"><span class='ocrx_word' id='word_1_76' title='bbox 621 985 731 1017; x_wconf 83' lang='lat' dir='ltr'>Gloria</span> <span class='ocrx_word' id='word_1_77' title='bbox 755 985 884 1018; x_wconf 87' lang='lat' dir='ltr'>mundo.</span> 
     </span>
    </p>
   </div>
   <div class='ocr_carea' id='block_1_10' title="bbox 208 1096 334 1126">
    <p class='ocr_par' dir='ltr' id='par_1_10' title="bbox 208 1096 334 1126">
     <span class='ocr_line' id='line_1_18' title="bbox 208 1096 334 1126; baseline 0 0"><span class='ocrx_word' id='word_1_78' title='bbox 208 1100 258 1126; x_wconf 80' lang='lat' dir='ltr'>tiis</span> <span class='ocrx_word' id='word_1_79' title='bbox 281 1096 334 1126; x_wconf 84' lang='lat'>156</span> 
     </span>
    </p>
   </div>
   <div class='ocr_carea' id='block_1_11' title="bbox 282 1057 1518 1127">
    <p class='ocr_par' dir='ltr' id='par_1_11' title="bbox 282 1057 1518 1127">
     <span class='ocr_line' id='line_1_19' title="bbox 282 1057 1518 1127; baseline -0.002 -38"><span class='ocrx_word' id='word_1_80' title='bbox 282 1062 384 1127; x_wconf 50' lang='lat' dir='ltr'>Progr.</span> <span class='ocrx_word' id='word_1_81' title='bbox 419 1069 472 1088; x_wconf 89' lang='lat' dir='ltr'>ms.</span> <span class='ocrx_word' id='word_1_82' title='bbox 500 1060 716 1095; x_wconf 83' lang='lat' dir='ltr'>Uttenpurense</span> <span class='ocrx_word' id='word_1_83' title='bbox 746 1067 821 1087; x_wconf 83' lang='lat' dir='ltr'>saec.</span> <span class='ocrx_word' id='word_1_84' title='bbox 849 1057 892 1087; x_wconf 90' lang='grc'>16.</span> <span class='ocrx_word' id='word_1_85' title='bbox 925 1061 993 1096; x_wconf 86' lang='lat' dir='ltr'>post</span> <span class='ocrx_word' id='word_1_86' title='bbox 1020 1059 1106 1086; x_wconf 84' lang='lat' dir='ltr'>Brev.</span> <span class='ocrx_word' id='word_1_87' title='bbox 1136 1058 1295 1086; x_wconf 78' lang='lat' dir='ltr'>Casinense</span> <span class='ocrx_word' id='word_1_88' title='bbox 1328 1060 1398 1094; x_wconf 87' lang='lat' dir='ltr'>imp.</span> <span class='ocrx_word' id='word_1_89' title='bbox 1424 1059 1518 1087; x_wconf 89' lang='lat' dir='ltr'>Vene-</span> 
     </span>
    </p>
   </div>
   <div class='ocr_carea' id='block_1_12' title="bbox 626 1207 1090 1240">
    <p class='ocr_par' dir='ltr' id='par_1_12' title="bbox 626 1207 1090 1240">
     <span class='ocr_line' id='line_1_20' title="bbox 626 1207 1090 1240; baseline -0.004 0"><span class='ocrx_word' id='word_1_90' title='bbox 626 1208 693 1240; x_wconf 85' lang='lat'>293.</span> <span class='ocrx_word' id='word_1_91' title='bbox 722 1209 766 1239; x_wconf 83' lang='lat' dir='ltr'>De</span> <span class='ocrx_word' id='word_1_92' title='bbox 786 1209 897 1239; x_wconf 82' lang='lat' dir='ltr'>saneta</span> <span class='ocrx_word' id='word_1_93' title='bbox 915 1207 1090 1239; x_wconf 75' lang='lat' dir='ltr'>Felicitate.</span> 
     </span>
    </p>
   </div>
   <div class='ocr_carea' id='block_1_13' title="bbox 209 1346 758 1924">
    <p class='ocr_par' dir='ltr' id='par_1_13' title="bbox 209 1346 725 1519">
     <span class='ocr_line' id='line_1_21' title="bbox 209 1346 720 1387; baseline -0.006 -8"><span class='ocrx_word' id='word_1_94' title='bbox 209 1347 242 1379; x_wconf 89' lang='lat'>1.</span> <span class='ocrx_word' id='word_1_95' title='bbox 266 1347 403 1387; x_wconf 85' lang='lat' dir='ltr'>Salvete,</span> <span class='ocrx_word' id='word_1_96' title='bbox 428 1346 529 1377; x_wconf 82' lang='lat' dir='ltr'>sancti</span> <span class='ocrx_word' id='word_1_97' title='bbox 553 1348 720 1384; x_wconf 89' lang='lat' dir='ltr'>martyres.</span> 
     </span>
     <span class='ocr_line' id='line_1_22' title="bbox 269 1393 661 1433; baseline -0.005 -8"><span class='ocrx_word' id='word_1_98' title='bbox 269 1394 401 1425; x_wconf 85' lang='lat' dir='ltr'>Aeterni</span> <span class='ocrx_word' id='word_1_99' title='bbox 426 1394 510 1433; x_wconf 82' lang='lat' dir='ltr'>regis</span> <span class='ocrx_word' id='word_1_100' title='bbox 534 1393 661 1432; x_wconf 84' lang='lat' dir='ltr'>milites,</span> 
     </span>
     <span class='ocr_line' id='line_1_23' title="bbox 269 1439 722 1480; baseline -0.002 -8"><span class='ocrx_word' id='word_1_101' title='bbox 269 1441 347 1473; x_wconf 90' lang='lat' dir='ltr'>Cum</span> <span class='ocrx_word' id='word_1_102' title='bbox 372 1441 555 1480; x_wconf 81' lang='lat' dir='ltr'>angelorum</span> <span class='ocrx_word' id='word_1_103' title='bbox 582 1439 722 1472; x_wconf 82' lang='lat' dir='ltr'>coetibus</span> 
     </span>
     <span class='ocr_line' id='line_1_24' title="bbox 269 1486 725 1519; baseline 0 0"><span class='ocrx_word' id='word_1_104' title='bbox 269 1487 336 1519; x_wconf 84' lang='lat' dir='ltr'>Nos</span> <span class='ocrx_word' id='word_1_105' title='bbox 361 1487 443 1519; x_wconf 89' lang='lat' dir='ltr'>ferte</span> <span class='ocrx_word' id='word_1_106' title='bbox 466 1488 499 1518; x_wconf 91' lang='lat' dir='ltr'>in</span> <span class='ocrx_word' id='word_1_107' title='bbox 526 1486 725 1519; x_wconf 88' lang='lat' dir='ltr'>coelestibus.</span> 
     </span>
    </p>

    <p class='ocr_par' dir='ltr' id='par_1_14' title="bbox 209 1543 713 1718">
     <span class='ocr_line' id='line_1_25' title="bbox 209 1543 679 1584; baseline -0.006 -7"><span class='ocrx_word' id='word_1_108' title='bbox 209 1546 241 1578; x_wconf 81' lang='lat'>2.</span> <span class='ocrx_word' id='word_1_109' title='bbox 267 1545 393 1584; x_wconf 85' lang='lat' dir='ltr'>Agnum</span> <span class='ocrx_word' id='word_1_110' title='bbox 419 1543 480 1576; x_wconf 90' lang='lat' dir='ltr'>Dei</span> <span class='ocrx_word' id='word_1_111' title='bbox 501 1543 679 1583; x_wconf 88' lang='lat' dir='ltr'>sequimini,</span> 
     </span>
     <span class='ocr_line' id='line_1_26' title="bbox 266 1591 653 1631; baseline -0.003 -8"><span class='ocrx_word' id='word_1_112' title='bbox 266 1591 399 1623; x_wconf 85' lang='lat' dir='ltr'>Fratres</span> <span class='ocrx_word' id='word_1_113' title='bbox 425 1591 653 1631; x_wconf 64' lang='lat' dir='ltr'>gloriosissimi.</span> 
     </span>
     <span class='ocr_line' id='line_1_27' title="bbox 270 1638 692 1678; baseline -0.002 -8"><span class='ocrx_word' id='word_1_114' title='bbox 270 1638 365 1678; x_wconf 80' lang='lat' dir='ltr'>Cujus</span> <span class='ocrx_word' id='word_1_115' title='bbox 390 1638 515 1671; x_wconf 82' lang='lat' dir='ltr'>lavistis</span> <span class='ocrx_word' id='word_1_116' title='bbox 540 1639 692 1678; x_wconf 81' lang='lat' dir='ltr'>sanguine</span> 
     </span>
     <span class='ocr_line' id='line_1_28' title="bbox 269 1686 713 1718; baseline -0.002 0"><span class='ocrx_word' id='word_1_117' title='bbox 269 1686 383 1718; x_wconf 88' lang='lat' dir='ltr'>Vestro</span> <span class='ocrx_word' id='word_1_118' title='bbox 409 1686 507 1718; x_wconf 89' lang='lat' dir='ltr'>stolas</span> <span class='ocrx_word' id='word_1_119' title='bbox 534 1686 713 1717; x_wconf 82' lang='lat' dir='ltr'>certamine.</span> 
     </span>
    </p>

    <p class='ocr_par' dir='ltr' id='par_1_15' title="bbox 210 1742 758 1924">
     <span class='ocr_line' id='line_1_29' title="bbox 210 1742 646 1782; baseline -0.007 -6"><span class='ocrx_word' id='word_1_120' title='bbox 210 1744 242 1776; x_wconf 87' lang='lat'>3.</span> <span class='ocrx_word' id='word_1_121' title='bbox 269 1743 394 1774; x_wconf 85' lang='lat' dir='ltr'>Natalis</span> <span class='ocrx_word' id='word_1_122' title='bbox 417 1742 518 1773; x_wconf 84' lang='lat' dir='ltr'>vestri</span> <span class='ocrx_word' id='word_1_123' title='bbox 542 1743 646 1782; x_wconf 85' lang='lat' dir='ltr'>gratia</span> 
     </span>
     <span class='ocr_line' id='line_1_30' title="bbox 265 1789 682 1830; baseline -0.002 -8"><span class='ocrx_word' id='word_1_124' title='bbox 265 1790 340 1822; x_wconf 89' lang='lat' dir='ltr'>Tot-i</span> <span class='ocrx_word' id='word_1_125' title='bbox 364 1791 438 1822; x_wconf 90' lang='lat' dir='ltr'>sunt</span> <span class='ocrx_word' id='word_1_126' title='bbox 462 1789 532 1821; x_wconf 92' lang='lat' dir='ltr'>orbi</span> <span class='ocrx_word' id='word_1_127' title='bbox 556 1790 682 1830; x_wconf 85' lang='lat' dir='ltr'>gaudia,</span> 
     </span>
     <span class='ocr_line' id='line_1_31' title="bbox 266 1837 758 1878; baseline -0.002 -9"><span class='ocrx_word' id='word_1_128' title='bbox 266 1838 356 1870; x_wconf 88' lang='lat' dir='ltr'>Votis</span> <span class='ocrx_word' id='word_1_129' title='bbox 380 1840 412 1869; x_wconf 90' lang='lat' dir='ltr'>et</span> <span class='ocrx_word' id='word_1_130' title='bbox 434 1837 560 1878; x_wconf 86' lang='lat' dir='ltr'>hymnis</span> <span class='ocrx_word' id='word_1_131' title='bbox 585 1838 758 1877; x_wconf 85' lang='lat' dir='ltr'>gratulans,</span> 
     </span>
     <span class='ocr_line' id='line_1_32' title="bbox 265 1884 739 1924; baseline 0.002 -7"><span class='ocrx_word' id='word_1_132' title='bbox 265 1885 352 1924; x_wconf 80' lang='lat' dir='ltr'>Quae</span> <span class='ocrx_word' id='word_1_133' title='bbox 375 1887 483 1917; x_wconf 81' lang='lat' dir='ltr'>servat</span> <span class='ocrx_word' id='word_1_134' title='bbox 508 1884 739 1918; x_wconf 85' lang='lat' dir='ltr'>Christianitas.</span> 
     </span>
    </p>
   </div>
   <div class='ocr_carea' id='block_1_14' title="bbox 205 1996 330 2026">
    <p class='ocr_par' dir='ltr' id='par_1_16' title="bbox 205 1996 330 2026">
     <span class='ocr_line' id='line_1_33' title="bbox 205 1996 330 2026; baseline 0.008 -1"><span class='ocrx_word' id='word_1_135' title='bbox 205 1999 255 2025; x_wconf 83' lang='lat' dir='ltr'>tiis</span> <span class='ocrx_word' id='word_1_136' title='bbox 277 1996 330 2026; x_wconf 83' lang='lat'>156</span> 
     </span>
    </p>
   </div>
   <div class='ocr_carea' id='block_1_15' title="bbox 765 1276 960 1307">
    <p class='ocr_par' dir='ltr' id='par_1_17' title="bbox 765 1276 960 1307">
     <span class='ocr_line' id='line_1_34' title="bbox 765 1276 960 1307; baseline -0.005 -2"><span class='ocrx_word' id='word_1_137' title='bbox 765 1277 813 1306; x_wconf 89' lang='lat' dir='ltr'>Ad</span> <span class='ocrx_word' id='word_1_138' title='bbox 831 1276 960 1307; x_wconf 85' lang='lat' dir='ltr'>Laudes.</span> 
     </span>
    </p>
   </div>
   <div class='ocr_carea' id='block_1_16' title="bbox 891 1345 1435 1385">
    <p class='ocr_par' dir='ltr' id='par_1_18' title="bbox 891 1345 1435 1385">
     <span class='ocr_line' id='line_1_35' title="bbox 891 1345 1435 1385; baseline -0.006 -6"><span class='ocrx_word' id='word_1_139' title='bbox 891 1347 923 1379; x_wconf 80' lang='lat'>4⁰.</span> <span class='ocrx_word' id='word_1_140' title='bbox 949 1346 995 1378; x_wconf 89' lang='lat' dir='ltr'>Et</span> <span class='ocrx_word' id='word_1_141' title='bbox 1014 1346 1087 1385; x_wconf 85' lang='lat' dir='ltr'>jure</span> <span class='ocrx_word' id='word_1_142' title='bbox 1110 1354 1169 1376; x_wconf 88' lang='lat' dir='ltr'>nos</span> <span class='ocrx_word' id='word_1_143' title='bbox 1193 1345 1265 1384; x_wconf 91' lang='lat' dir='ltr'>plus</span> <span class='ocrx_word' id='word_1_144' title='bbox 1291 1345 1435 1376; x_wconf 89' lang='lat' dir='ltr'>omnibus</span> 
     </span>
    </p>
   </div>
   <div class='ocr_carea' id='block_1_17' title="bbox 948 1390 1500 1527">
    <p class='ocr_par' dir='ltr' id='par_1_19' title="bbox 948 1390 1500 1527">
     <span class='ocr_line' id='line_1_36' title="bbox 949 1390 1377 1434; baseline -0.005 -9"><span class='ocrx_word' id='word_1_145' title='bbox 949 1393 1120 1425; x_wconf 88' lang='lat' dir='ltr'>Laetamur</span> <span class='ocrx_word' id='word_1_146' title='bbox 1144 1392 1198 1423; x_wconf 85' lang='lat' dir='ltr'>hie</span> <span class='ocrx_word' id='word_1_147' title='bbox 1223 1390 1377 1434; x_wconf 85' lang='lat' dir='ltr'>festivius,</span> 
     </span>
     <span class='ocr_line' id='line_1_37' title="bbox 948 1440 1379 1480; baseline 0 -9"><span class='ocrx_word' id='word_1_148' title='bbox 948 1440 1127 1472; x_wconf 89' lang='lat' dir='ltr'>Alexandri</span> <span class='ocrx_word' id='word_1_149' title='bbox 1152 1440 1204 1479; x_wconf 88' lang='lat' dir='ltr'>qui</span> <span class='ocrx_word' id='word_1_150' title='bbox 1228 1440 1379 1480; x_wconf 82' lang='lat' dir='ltr'>martyris</span> 
     </span>
     <span class='ocr_line' id='line_1_38' title="bbox 948 1487 1500 1527; baseline 0.005 -9"><span class='ocrx_word' id='word_1_151' title='bbox 948 1488 1145 1519; x_wconf 86' lang='lat' dir='ltr'>Thesaurum</span> <span class='ocrx_word' id='word_1_152' title='bbox 1169 1487 1322 1518; x_wconf 86' lang='lat' dir='ltr'>habemus</span> <span class='ocrx_word' id='word_1_153' title='bbox 1349 1489 1500 1527; x_wconf 76' lang='lat' dir='ltr'>eorporis,</span> 
     </span>
    </p>
   </div>
   <div class='ocr_carea' id='block_1_18' title="bbox 914 1544 1351 1577">
    <p class='ocr_par' dir='ltr' id='par_1_20' title="bbox 914 1544 1351 1577">
     <span class='ocr_line' id='line_1_39' title="bbox 914 1544 1351 1577; baseline -0.002 0"><span class='ocrx_word' id='word_1_154' title='bbox 914 1570 921 1577; x_wconf 91' lang='lat'>.</span> <span class='ocrx_word' id='word_1_155' title='bbox 948 1544 1014 1576; x_wconf 83' lang='lat' dir='ltr'>Nos</span> <span class='ocrx_word' id='word_1_156' title='bbox 1034 1547 1142 1575; x_wconf 85' lang='lat' dir='ltr'>vestra</span> <span class='ocrx_word' id='word_1_157' title='bbox 1165 1544 1351 1576; x_wconf 82' lang='lat' dir='ltr'>intercessio</span> 
     </span>
    </p>
   </div>
   <div class='ocr_carea' id='block_1_19' title="bbox 948 1592 1443 1725">
    <p class='ocr_par' dir='ltr' id='par_1_21' title="bbox 948 1592 1443 1725">
     <span class='ocr_line' id='line_1_40' title="bbox 949 1592 1443 1633; baseline 0 -8"><span class='ocrx_word' id='word_1_158' title='bbox 949 1592 1116 1625; x_wconf 90' lang='lat' dir='ltr'>Coelorum</span> <span class='ocrx_word' id='word_1_159' title='bbox 1142 1592 1341 1623; x_wconf 80' lang='lat' dir='ltr'>commendet</span> <span class='ocrx_word' id='word_1_160' title='bbox 1364 1593 1443 1633; x_wconf 90' lang='lat' dir='ltr'>Deo,</span> 
     </span>
     <span class='ocr_line' id='line_1_41' title="bbox 948 1639 1380 1671; baseline 0 -1"><span class='ocrx_word' id='word_1_161' title='bbox 948 1639 1106 1670; x_wconf 87' lang='lat' dir='ltr'>Fruamur</span> <span class='ocrx_word' id='word_1_162' title='bbox 1129 1641 1165 1670; x_wconf 87' lang='lat' dir='ltr'>ut</span> <span class='ocrx_word' id='word_1_163' title='bbox 1191 1639 1380 1671; x_wconf 75' lang='lat' dir='ltr'>coelestibus</span> 
     </span>
     <span class='ocr_line' id='line_1_42' title="bbox 948 1686 1385 1725; baseline 0.005 -7"><span class='ocrx_word' id='word_1_164' title='bbox 948 1686 1099 1725; x_wconf 86' lang='lat' dir='ltr'>Exempti</span> <span class='ocrx_word' id='word_1_165' title='bbox 1125 1686 1165 1718; x_wconf 86' lang='lat' dir='ltr'>de</span> <span class='ocrx_word' id='word_1_166' title='bbox 1187 1686 1385 1721; x_wconf 80' lang='lat' dir='ltr'>mortalibus,</span> 
     </span>
    </p>
   </div>
   <div class='ocr_carea' id='block_1_20' title="bbox 915 1743 1467 1782">
    <p class='ocr_par' dir='ltr' id='par_1_22' title="bbox 915 1743 1467 1782">
     <span class='ocr_line' id='line_1_43' title="bbox 915 1743 1467 1782; baseline 0.002 -7"><span class='ocrx_word' id='word_1_167' title='bbox 915 1768 922 1775; x_wconf 98' lang='lat'>.</span> <span class='ocrx_word' id='word_1_168' title='bbox 949 1743 1034 1774; x_wconf 83' lang='lat' dir='ltr'>Hinc</span> <span class='ocrx_word' id='word_1_169' title='bbox 1058 1743 1125 1782; x_wconf 87' lang='lat' dir='ltr'>jam</span> <span class='ocrx_word' id='word_1_170' title='bbox 1149 1743 1312 1775; x_wconf 89' lang='lat' dir='ltr'>submissis</span> <span class='ocrx_word' id='word_1_171' title='bbox 1336 1744 1467 1777; x_wconf 81' lang='lat' dir='ltr'>vocibus</span> 
     </span>
    </p>
   </div>
   <div class='ocr_carea' id='block_1_21' title="bbox 947 1789 1442 1921">
    <p class='ocr_par' dir='ltr' id='par_1_23' title="bbox 947 1789 1442 1921">
     <span class='ocr_line' id='line_1_44' title="bbox 948 1789 1442 1832; baseline 0.006 -11"><span class='ocrx_word' id='word_1_172' title='bbox 948 1790 1075 1822; x_wconf 84' lang='lat' dir='ltr'>Laudes</span> <span class='ocrx_word' id='word_1_173' title='bbox 1100 1789 1233 1823; x_wconf 85' lang='lat' dir='ltr'>ferendo</span> <span class='ocrx_word' id='word_1_174' title='bbox 1258 1791 1442 1832; x_wconf 87' lang='lat' dir='ltr'>pangimus:</span> 
     </span>
     <span class='ocr_line' id='line_1_45' title="bbox 948 1837 1282 1879; baseline 0.003 -10"><span class='ocrx_word' id='word_1_175' title='bbox 948 1837 996 1870; x_wconf 88' lang='lat' dir='ltr'>Sit</span> <span class='ocrx_word' id='word_1_176' title='bbox 1020 1838 1157 1869; x_wconf 84' lang='lat' dir='ltr'>trinitati</span> <span class='ocrx_word' id='word_1_177' title='bbox 1181 1838 1282 1879; x_wconf 88' lang='lat' dir='ltr'>gloria</span> 
     </span>
     <span class='ocr_line' id='line_1_46' title="bbox 947 1884 1319 1921; baseline 0.011 -5"><span class='ocrx_word' id='word_1_178' title='bbox 947 1885 1010 1917; x_wconf 90' lang='lat' dir='ltr'>Per</span> <span class='ocrx_word' id='word_1_179' title='bbox 1034 1884 1159 1917; x_wconf 85' lang='lat' dir='ltr'>infinita</span> <span class='ocrx_word' id='word_1_180' title='bbox 1182 1887 1319 1921; x_wconf 81' lang='lat' dir='ltr'>saecula.</span> 
     </span>
    </p>
   </div>
   <div class='ocr_carea' id='block_1_22' title="bbox 280 1958 1514 2025">
    <p class='ocr_par' dir='ltr' id='par_1_24' title="bbox 280 1958 1514 2025">
     <span class='ocr_line' id='line_1_47' title="bbox 280 1958 1514 2025; baseline 0.003 -38"><span class='ocrx_word' id='word_1_181' title='bbox 280 1960 382 2025; x_wconf 51' lang='lat' dir='ltr'>Progr.</span> <span class='ocrx_word' id='word_1_182' title='bbox 410 1968 464 1987; x_wconf 87' lang='lat' dir='ltr'>ms.</span> <span class='ocrx_word' id='word_1_183' title='bbox 488 1959 706 1996; x_wconf 83' lang='lat' dir='ltr'>Uttenpurense</span> <span class='ocrx_word' id='word_1_184' title='bbox 737 1968 812 1987; x_wconf 81' lang='lat' dir='ltr'>saec.</span> <span class='ocrx_word' id='word_1_185' title='bbox 842 1958 885 1988; x_wconf 83' lang='lat'>16.</span> <span class='ocrx_word' id='word_1_186' title='bbox 919 1963 987 1994; x_wconf 90' lang='lat' dir='ltr'>post</span> <span class='ocrx_word' id='word_1_187' title='bbox 1016 1961 1103 1988; x_wconf 86' lang='lat' dir='ltr'>Brev.</span> <span class='ocrx_word' id='word_1_188' title='bbox 1135 1960 1293 1989; x_wconf 84' lang='lat' dir='ltr'>Casinense</span> <span class='ocrx_word' id='word_1_189' title='bbox 1323 1964 1393 1999; x_wconf 88' lang='lat' dir='ltr'>imp.</span> <span class='ocrx_word' id='word_1_190' title='bbox 1422 1964 1514 1992; x_wconf 85' lang='lat' dir='ltr'>Vene-</span> 
     </span>
    </p>
   </div>
   <div class='ocr_carea' id='block_1_23' title="bbox 673 2107 1044 2140">
    <p class='ocr_par' dir='ltr' id='par_1_25' title="bbox 673 2107 1044 2140">
     <span class='ocr_line' id='line_1_48' title="bbox 673 2107 1044 2140; baseline -0.003 -1"><span class='ocrx_word' id='word_1_191' title='bbox 673 2109 741 2140; x_wconf 83' lang='lat'>294.</span> <span class='ocrx_word' id='word_1_192' title='bbox 771 2107 814 2139; x_wconf 91' lang='lat' dir='ltr'>De</span> <span class='ocrx_word' id='word_1_193' title='bbox 834 2110 942 2139; x_wconf 84' lang='lat' dir='ltr'>sancta</span> <span class='ocrx_word' id='word_1_194' title='bbox 961 2109 1044 2140; x_wconf 80' lang='lat' dir='ltr'>Fide.</span> 
     </span>
    </p>
   </div>
   <div class='ocr_carea' id='block_1_24' title="bbox 419 2177 1235 2313">
    <p class='ocr_par' dir='ltr' id='par_1_26' title="bbox 419 2177 1235 2313">
     <span class='ocr_line' id='line_1_49' title="bbox 419 2177 1212 2223; baseline 0 -12"><span class='ocrx_word' id='word_1_195' title='bbox 419 2179 449 2212; x_wconf 83' lang='lat'>1.</span> <span class='ocrx_word' id='word_1_196' title='bbox 475 2178 584 2218; x_wconf 85' lang='lat' dir='ltr'>Virgo,</span> <span class='ocrx_word' id='word_1_197' title='bbox 608 2177 667 2210; x_wconf 90' lang='lat' dir='ltr'>fios</span> <span class='ocrx_word' id='word_1_198' title='bbox 693 2178 859 2218; x_wconf 86' lang='lat' dir='ltr'>virginum,</span> <span class='ocrx_word' id='word_1_199' title='bbox 885 2178 994 2219; x_wconf 85' lang='lat' dir='ltr'>Fides,</span> <span class='ocrx_word' id='word_1_200' title='bbox 1021 2181 1212 2223; x_wconf 81' lang='lat' dir='ltr'>sanctarum,</span> 
     </span>
     <span class='ocr_line' id='line_1_50' title="bbox 477 2225 1120 2266; baseline 0.002 -10"><span class='ocrx_word' id='word_1_201' title='bbox 477 2225 626 2257; x_wconf 85' lang='lat' dir='ltr'>Meroans</span> <span class='ocrx_word' id='word_1_202' title='bbox 653 2226 842 2257; x_wconf 84' lang='lat' dir='ltr'>consortium</span> <span class='ocrx_word' id='word_1_203' title='bbox 867 2234 963 2265; x_wconf 88' lang='lat' dir='ltr'>passa</span> <span class='ocrx_word' id='word_1_204' title='bbox 986 2226 1120 2266; x_wconf 83' lang='lat' dir='ltr'>piorum,</span> 
     </span>
     <span class='ocr_line' id='line_1_51' title="bbox 477 2272 1235 2313; baseline 0.004 -9"><span class='ocrx_word' id='word_1_205' title='bbox 477 2272 599 2312; x_wconf 87' lang='lat' dir='ltr'>Sponso</span> <span class='ocrx_word' id='word_1_206' title='bbox 624 2275 773 2313; x_wconf 87' lang='lat' dir='ltr'>prompta</span> <span class='ocrx_word' id='word_1_207' title='bbox 795 2273 899 2305; x_wconf 86' lang='lat' dir='ltr'>locum</span> <span class='ocrx_word' id='word_1_208' title='bbox 923 2273 1021 2304; x_wconf 85' lang='lat' dir='ltr'>intrat</span> <span class='ocrx_word' id='word_1_209' title='bbox 1047 2277 1235 2313; x_wconf 80' lang='lat' dir='ltr'>sapientum.</span> 
     </span>
    </p>
   </div>
   <div class='ocr_carea' id='block_1_25' title="bbox 422 2328 1161 2466">
    <p class='ocr_par' dir='ltr' id='par_1_27' title="bbox 422 2328 1161 2466">
     <span class='ocr_line' id='line_1_52' title="bbox 422 2328 1021 2370; baseline -0.003 -7"><span class='ocrx_word' id='word_1_210' title='bbox 422 2331 454 2363; x_wconf 81' lang='lat'>2.</span> <span class='ocrx_word' id='word_1_211' title='bbox 481 2328 607 2361; x_wconf 81' lang='lat' dir='ltr'>Gaudet</span> <span class='ocrx_word' id='word_1_212' title='bbox 630 2330 754 2361; x_wconf 83' lang='lat' dir='ltr'>laetitia</span> <span class='ocrx_word' id='word_1_213' title='bbox 777 2330 833 2362; x_wconf 81' lang='lat' dir='ltr'>lux</span> <span class='ocrx_word' id='word_1_214' title='bbox 857 2330 1021 2370; x_wconf 79' lang='lat' dir='ltr'>hodierna,</span> 
     </span>
     <span class='ocr_line' id='line_1_53' title="bbox 480 2377 1104 2418; baseline 0.003 -10"><span class='ocrx_word' id='word_1_215' title='bbox 480 2377 594 2409; x_wconf 88' lang='lat' dir='ltr'>Mundi</span> <span class='ocrx_word' id='word_1_216' title='bbox 624 2386 682 2417; x_wconf 89' lang='lat' dir='ltr'>per</span> <span class='ocrx_word' id='word_1_217' title='bbox 707 2378 836 2410; x_wconf 81' lang='lat' dir='ltr'>climata</span> <span class='ocrx_word' id='word_1_218' title='bbox 859 2378 957 2418; x_wconf 86' lang='lat' dir='ltr'>signis</span> <span class='ocrx_word' id='word_1_219' title='bbox 982 2381 1104 2417; x_wconf 85' lang='lat' dir='ltr'>ornata,</span> 
     </span>
     <span class='ocr_line' id='line_1_54' title="bbox 478 2424 1161 2466; baseline 0.003 -9"><span class='ocrx_word' id='word_1_220' title='bbox 478 2425 615 2457; x_wconf 85' lang='lat' dir='ltr'>Poscunt</span> <span class='ocrx_word' id='word_1_221' title='bbox 643 2425 746 2465; x_wconf 84' lang='lat' dir='ltr'>plebis</span> <span class='ocrx_word' id='word_1_222' title='bbox 770 2428 846 2459; x_wconf 82' lang='lat' dir='ltr'>vota</span> <span class='ocrx_word' id='word_1_223' title='bbox 866 2425 960 2466; x_wconf 85' lang='lat' dir='ltr'>justis</span> <span class='ocrx_word' id='word_1_224' title='bbox 985 2424 1161 2466; x_wconf 82' lang='lat' dir='ltr'>profutura.</span> 
     </span>
    </p>
   </div>
  </div>
 </body>
</html>
