1653 2637
708 124 970 162 ---201-Α

412 223 444 255 2.
472 223 568 263 Cujus
591 222 762 264 magnifica
785 227 876 264 gesta
901 224 1016 258 deifica

472 271 567 304 Plebs
595 272 681 304 canit
705 275 900 313 sanctorum,
928 273 1042 316 clerus,
1070 273 1258 306 miserorum

519 319 612 353 Tuba
638 320 721 352 colat
747 320 860 353 ordine

566 367 596 400 A
621 367 733 400 solis
759 371 878 401 ortus
904 370 1095 403 cardine.

415 435 446 468 3.
473 435 561 474 Quae
585 435 675 475 virgo
700 435 838 475 peperit,
863 435 1002 468 Mariam
1028 437 1184 477 comperit

471 481 491 514 J
493 482 617 514 oachim
641 491 676 514 se
700 486 818 525 natam,
842 484 928 523 Juste
953 485 1129 524 educatam,

519 530 617 570 Quam
644 531 766 570 cupivit
788 531 900 563 intime

567 577 696 610 Lucis
723 581 901 610 creator
927 579 1095 619 optime.

414 645 446 676 4.
473 644 568 677 Felix
595 644 765 684 multiplici
788 648 883 684 pater
907 644 1064 686 magnifici

471 691 523 723 Ex
548 690 655 723 fructu
679 692 830 731 germinis
855 692 975 724 sterilis
999 693 1128 725 seminis

522 738 619 771 Pellis
647 741 720 772 voto
744 740 861 781 pistico

567 785 626 818 Ex
653 795 766 819 more
793 787 910 820 docti
935 787 1128 827 mystico.

412 853 443 885 5.
470 852 518 884 Te
542 862 627 885 nunc
651 854 840 893 suppliciter
864 856 936 885 orat
960 857 991 886 et
1013 854 1133 893 jugiter

472 900 579 940 Plebs,
606 901 751 934 Joachim
776 904 896 940 sancte,
924 904 955 932 te
979 901 1080 934 Deum
1104 906 1257 942 precante

517 947 638 980 Nostra
663 951 788 981 cessent
811 949 925 981 sedula

563 994 671 1035 Nox,
700 996 911 1028 tenebrae
936 1000 976 1028 et
998 996 1156 1029 nubila.

413 1063 443 1095 6.
472 1062 597 1095 Sanctis
623 1062 767 1094 obtineas
792 1071 851 1102 per
875 1063 960 1095 vitae
983 1063 1084 1095 lineas

469 1110 567 1150 Jungi
592 1110 672 1142 coeli
697 1111 786 1148 aede,
814 1110 970 1151 Joachim,
997 1119 1089 1150 quem
1113 1111 1146 1142 in
1171 1111 1248 1142 sede

517 1157 652 1190 Locavit,
675 1161 750 1197 post
773 1158 929 1189 somnium

562 1204 670 1237 Deus
696 1208 869 1237 creator
894 1206 1080 1240 omnium.

411 1272 441 1303 7.
469 1272 612 1310 Praesta,
638 1273 733 1311 pater
756 1280 886 1313 summe,
914 1270 961 1303 fili
985 1271 1169 1311 architecte,

472 1318 610 1358 Spiritus
635 1319 738 1359 hagie,
766 1328 837 1350 cum
860 1321 954 1359 patre
978 1318 1103 1351 Mariae

517 1365 598 1398 Frui
622 1375 680 1398 nos
704 1366 840 1399 victoiia

565 1415 753 1446 Aeterna
780 1414 892 1446 coeli
917 1414 1066 1455 gloria.

259 1488 340 1517 Offic.
355 1489 407 1517 SS.
422 1488 534 1523 Annae,
555 1488 575 1516 J
577 1489 701 1522 oachim,
721 1489 842 1525 Joseph,
863 1490 932 1525 imp.
955 1498 977 1517 s.
992 1489 1012 1516 1.
1027 1491 1057 1516 et:
1070 1498 1096 1517 a.
1109 1503 1149 1508 —
1163 1487 1188 1522 1,
1209 1486 1227 1517 3
1243 1489 1286 1517 Ut
1299 1492 1447 1525 expurget.
1462 1506 1467 1510 -

178 1525 205 1560 3,
229 1527 243 1556 1
264 1527 370 1555 Maria.
391 1542 430 1547 —-
450 1525 476 1561 3,
498 1525 516 1555 3
539 1528 718 1562 concupivit.
740 1542 776 1547 —
797 1526 823 1561 5,
846 1525 864 1554 2
885 1528 926 1555 Ut
944 1530 974 1556 te
995 1528 1090 1555 Deum
1111 1536 1163 1564 pro
1187 1528 1273 1555 nobis
1294 1534 1440 1563 precante.
1462 1543 1498 1547 —

179 1563 211 1599 6,
240 1564 255 1593 1
280 1568 350 1593 tuae
369 1566 472 1594 lineas.
493 1581 531 1585 —
559 1564 592 1599 6,
622 1564 639 1592 2
665 1565 707 1593 Et
728 1566 829 1601 junge.
857 1582 893 1586 —
919 1564 949 1600 7,
978 1564 993 1593 1
1019 1568 1102 1602 pater
1122 1567 1228 1593 summi
1246 1565 1315 1602 filii3
1341 1565 1395 1593 lies
1416 1569 1500 1602 pater

178 1605 280 1632 recte?
301 1618 339 1623 —-
359 1604 389 1638 7,
412 1601 429 1632 3
450 1613 504 1632 nos
525 1605 652 1639 ergiinzt.
675 1618 710 1624 -κ
731 1603 758 1638 7,
778 1603 799 1631 4
817 1604 854 1632 In
874 1605 1001 1632 aeterna.

623 1715 690 1747 343.
722 1717 764 1748 De
782 1717 890 1748 saneto
910 1716 1061 1748 Joachim.

744 1784 792 1814 Ad
811 1784 940 1814 Laudes.

177 1855 209 1888 1.
239 1854 326 1887 Coeli
352 1854 449 1894 cives,
474 1854 662 1894 adplaudite
866 1854 897 1886 4.
925 1853 1021 1886 Hunc
1045 1857 1117 1894 post
1143 1854 1254 1886 mundi
1278 1855 1423 1894 pericula

234 1902 279 1935 Et
305 1912 370 1943 vos,
398 1902 525 1942 fratres,
553 1903 721 1946 concinite,
926 1901 1014 1935 Coeli
1042 1902 1184 1942 suscepit
1209 1903 1306 1940 curia¹

234 1951 345 1984 Sancti
369 1951 515 1985 Joachim
540 1951 695 1982 solemnia
925 1949 1024 1990 Quem
1049 1959 1142 1983 avum
1168 1949 1229 1982 Dei
1254 1949 1338 1983 filius

232 1998 315 2031 Solis
336 1998 465 2032 reduxit
490 1998 605 2033 orbita.
922 1997 1018 2030 Suum
1044 1998 1196 2032 salutavit
1221 1999 1386 2032 Dominus

172 2068 202 2099 2.
230 2066 316 2099 Huic
343 2075 418 2106 ergo
443 2065 559 2106 psalmi
585 2070 744 2108 resonent,
865 2066 897 2099 5.
925 2064 1081 2099 Conemur
1105 2065 1181 2098 totis
1207 2066 1339 2107 viribus,

229 2114 315 2147 Huic
338 2114 493 2146 lectiones
520 2118 722 2156 concrepent,
920 2114 1097 2155 Jungamus
1121 2122 1235 2154 preces
1259 2115 1419 2155 precibus,

226 2163 272 2195 Et
294 2162 484 2203 hymnorum
512 2162 678 2195 dulcisona
920 2161 967 2196 Ut
991 2163 1095 2195 sancti
1119 2162 1266 2196 Joachim
1291 2163 1413 2195 meritis

226 2210 487 2252 Multiplicentur
513 2211 663 2243 carmina.
921 2209 1009 2243 Coeli
1034 2208 1178 2243 fruamur
1204 2211 1339 2251 gaudiis.

169 2279 201 2310 3.
228 2278 319 2317 Quod
343 2279 454 2318 lingua
476 2277 556 2309 foris
583 2282 744 2320 personat,
862 2279 893 2310 6.
920 2278 1024 2310 Tanto
1049 2282 1184 2319 patrono
1210 2279 1380 2322 supplicet,

230 2327 319 2359 Intus
345 2325 476 2358 affectus
502 2327 629 2366 sentiat,
921 2324 1068 2366 Quisquis
1093 2327 1200 2366 ¹iuvari
1224 2327 1358 2369 indiget,

224 2373 293 2405 Nec
316 2373 437 2405 imitari
461 2374 579 2414 pigeat,
919 2372 1023 2413 Eique
1045 2374 1163 2413 jubilet
1188 2375 1312 2409 cantica

227 2420 317 2461 Quod
343 2430 431 2454 mens
456 2421 592 2452 laudare
616 2421 786 2460 adprobat.
918 2420 982 2454 Per
1007 2423 1131 2461 quadra
1154 2423 1266 2455 mundi
1292 2424 1430 2458 climata.
