1653 2637
725 140 987 179 —279—

201 243 234 276 3.
261 241 409 285 Laetare,
434 244 538 274 mater
563 241 689 284 Suevia,

260 289 339 321 Nati
365 290 406 322 de
429 290 479 322 tui
503 290 615 334 gloria,

259 337 314 378 Et,
340 338 496 379 Augusta,
521 340 558 370 tu
582 339 704 370 resulta

261 386 406 418 Aeterna
430 386 587 426 praesulis
615 387 708 418 dona.

204 444 237 476 4.
263 443 337 474 Tali
361 446 497 483 patrono
523 443 692 483 supplicet,

262 490 410 530 Quisquis
432 491 539 530 juvari
561 491 695 530 indiget,

265 538 456 579 Christoque
481 547 554 570 caro
577 538 717 578 jubilent

265 586 329 618 Per
354 586 478 626 quadra
502 586 615 618 mundi
639 586 775 619 climata.

894 245 924 276 5.
953 243 978 276 Ο
1005 242 1170 286 Udalrice,
1199 242 1330 276 coelitus

951 291 1065 323 Eleete
1089 292 1181 324 nobis
1206 290 1362 332 pontifex,

950 338 1088 371 Intende
1114 340 1252 371 clemens
1277 339 1436 377 laudibus,

951 386 1034 425 Quas
1060 388 1222 419 annuatim
1246 387 1431 426 promimuS.

916 470 923 476 .
950 443 1063 475 Multis
1089 444 1248 475 aerumnis
1273 444 1459 485 scindimur,

951 490 1021 522 Tua
1044 490 1176 531 medem,
1203 499 1402 530 quaesumus.

952 538 1102 570 Oratione
1127 539 1241 570 sedula

950 586 1108 625 Vitaeque
1137 587 1220 618 dona
1245 585 1404 625 consequi.

608 643 639 675 7.
664 644 785 686 Honor,
808 645 960 685 potestas,
988 643 1090 683 gloria

662 690 731 722 Deo
756 691 842 730 patri
868 699 938 722 cum
963 689 1028 722 filio

664 738 890 778 Paraclitoque
913 737 1076 777 pneumati

663 785 727 817 Per
751 786 950 817 saeculorum
975 785 1113 816 saecula.

282 849 364 878 Offic.
378 858 432 877 ms.
447 850 622 886 Augustana
634 858 709 878 saec.
726 848 771 878 15.
800 850 870 878 Cod.
886 850 1054 887 Sangallen.
1068 846 1134 876 386.
1151 865 1188 869 —-
1210 848 1234 883 1,
1250 847 1268 875 2
1290 849 1330 876 Et
1346 849 1473 885 ‘rg‘anzt
1488 863 1525 867 —

208 886 233 921 1,
254 886 274 915 4
293 889 378 923 plebs
399 890 538 916 muneris.
559 905 595 909 —-
616 886 643 922 3,
664 886 681 915 3
696 897 739 925 sq.
760 889 867 915 Zusatz
882 888 951 915 oder
964 887 1212 923 Uberarbeitung.
1226 902 1261 906 —-
1277 885 1303 920 5,
1322 885 1337 914 1
1354 887 1378 914 Ο
1397 887 1525 922 ergfinzt.

647 980 716 1011 495.
747 980 792 1011 De
812 981 920 1011 sancto
940 978 1097 1011 Udalrico.

754 1047 803 1077 Ad
823 1047 982 1085 Vesperas.

209 1117 240 1149 1.
265 1115 298 1150 A
320 1118 397 1149 solis
423 1120 511 1149 ortus
538 1118 668 1150 cardine

267 1165 458 1198 Udalricum
484 1166 519 1196 in
542 1165 668 1205 agmine

267 1212 369 1244 Laeto
396 1221 547 1245 canamus
574 1213 714 1245 carmine

266 1259 373 1291 Fideli
404 1263 508 1292 satum
533 1260 695 1301 sanguine.

209 1318 240 1352 2.
267 1314 388 1350 Beatus
412 1318 447 1349 in
471 1317 642 1358 propatulo

268 1365 493 1405 Praesignavit
516 1365 680 1405 miraculo,

270 1412 362 1451 Quod
386 1413 476 1454 vagit
498 1413 532 1444 in
558 1412 728 1444 coenaculo

270 1460 369 1492 Sacro
394 1460 508 1500 plenus
534 1460 704 1500 spiraculo.

901 1119 932 1150 5.
958 1113 1063 1150 Enixa
1088 1116 1191 1148 virum
1216 1117 1321 1157 gratia

958 1164 1111 1195 Provexit
1134 1164 1176 1196 ad
1202 1164 1317 1195 solatia

961 1210 1131 1251 Genusque
1155 1214 1277 1243 moeret
1299 1211 1395 1243 anxia

958 1260 1021 1291 Per
1041 1258 1147 1298 ampla
1171 1262 1279 1290 terrae
1303 1259 1418 1298 spatia.

923 1338 930 1345 -
957 1312 1067 1349 Foeno
1094 1324 1223 1356 compar
1247 1314 1285 1347 fit
1308 1316 1410 1346 lilium

957 1363 1066 1395 Motus
1091 1372 1203 1403 gerens
1227 1363 1401 1402 humilium,

959 1410 1014 1443 Fit
1038 1410 1160 1442 arbiter
1188 1410 1369 1442 sublimium

960 1457 1048 1489 Petri
1072 1459 1281 1497 praecingens
1306 1457 1456 1497 gladium.

926 1540 933 1547 .
960 1511 1089 1548 Gaudet
1114 1517 1285 1547 conventus
1312 1514 1470 1556 coelitum,

958 1562 1094 1595 Florere
1118 1562 1221 1594 sancti
1244 1562 1403 1601 meritum,

266 1611 348 1645 Post
370 1612 465 1644 lactis
488 1612 667 1644 ministeria
959 1610 1056 1649 Cujus
1082 1618 1153 1641 cum
1177 1609 1302 1642 Christo
1323 1609 1472 1649 spiritum

269 1661 382 1694 Carnis
408 1659 491 1700 fugit
513 1660 654 1691 miseria.
959 1657 1063 1689 Coelis
1087 1657 1178 1690 videt
1198 1657 1384 1697 repositum.

210 1720 242 1752 4.
269 1716 391 1752 Domus
416 1720 586 1757 parentum
611 1717 727 1757 gaudio
900 1717 932 1749 8.
959 1714 1087 1746 Summo
1112 1715 1199 1755 patri
1222 1715 1376 1754 potentia,

268 1766 427 1806 Repletur
452 1767 485 1796 et
509 1765 654 1797 convivio
959 1762 1045 1794 Filio
1069 1763 1228 1802 sapientia

269 1813 481 1845 Delectantur
504 1813 539 1844 in
563 1811 641 1852 filio,
963 1810 1191 1850 Pneumatique
1220 1808 1388 1840 clementia

270 1862 370 1901 Quem
396 1860 477 1893 coeli
502 1859 591 1893 fovet
614 1859 732 1891 unctio.
959 1857 1035 1890 Pari
1061 1857 1104 1888 sit
1126 1858 1159 1889 in
1186 1857 1334 1890 essentia.

285 1928 372 1956 Brev.
400 1935 454 1954 ms.
474 1925 699 1954 Benedictinum
725 1932 802 1951 saec.
825 1921 868 1950 15.
912 1922 981 1951 Cod.
1004 1922 1211 1950 carolsruhan.
1232 1922 1304 1950 Grec.
1325 1919 1370 1948 51.
1395 1934 1433 1939 —
1452 1916 1484 1954 8¹
1511 1917 1532 1946 4

206 1965 291 1995 Parti
311 1967 359 1994 sit.
380 1982 418 1985 —
437 1964 484 1992 Ad
503 1965 590 1993 Noct.
611 1963 687 2000 folgt
706 1962 757 1991 der
777 1962 913 1997 Hymnus
934 1961 997 1988 Ave
1016 1963 1100 1996 pater
1117 1961 1259 1989 Udalrice
1271 1959 1392 1995 (Daniel
1410 1958 1435 1992 1,
1456 1955 1530 1992 311).

210 1519 242 1551 3.
271 1514 390 1551 Clausa
414 1517 530 1556 pandit
551 1517 706 1556 mysterIa

271 1565 341 1597 Vox
366 1564 514 1604 baJ'ulans
538 1565 684 1607 imperia,

646 2056 715 2088 496.
746 2056 790 2087 De
810 2055 920 2087 sancto
942 2053 1101 2086 Udalrico.

777 2124 827 2154 Ad
845 2123 975 2154 Laudes.

903 2195 936 2227 2.
963 2192 1039 2225 Tiro
1067 2191 1186 2225 Christi
1211 2191 1382 2231 pretiosus,

1013 2241 1228 2279 Augustarum
1254 2237 1410 2280 pontifex,

963 2288 1094 2321 Coelum
1118 2287 1245 2320 scandit
1268 2286 1443 2319 luminosus

1015 2336 1061 2370 Ut
1084 2335 1238 2368 virtutum
1263 2333 1393 2374 artifex,

965 2384 1140 2418 Udalricus
1166 2383 1323 2424 gloriosus

1014 2432 1080 2472 Quo
1105 2431 1283 2471 triumphat
1307 2428 1426 2470 opifex.

212 2200 244 2233 1.
269 2198 483 2231 Laetabunda
507 2197 577 2229 Deo
603 2198 698 2228 canat

316 2246 481 2287 Hymnum
505 2254 568 2277 vox
594 2244 758 2281 ecclesiae,

271 2295 330 2333 Qui
356 2295 510 2327 contritos
536 2293 635 2325 corde
660 2294 754 2324 sanat

319 2343 470 2383 Unguine
493 2341 646 2380 laetitiae,

271 2390 369 2424 Unde
392 2390 455 2431 piis
480 2390 583 2422 virtus
607 2390 717 2421 manat

320 2439 366 2472 Et
389 2440 592 2479 augmentum
617 2436 751 2477 gratiae.
