1653 2637
726 141 985 177 —243—

393 240 424 272 6.
451 238 556 281 Nunc,
578 238 672 271 beata
695 239 832 278 trinitas,
859 241 934 271 vota
958 241 1067 271 nostra
1094 238 1212 278 dirigat

454 286 552 319 Pater
576 289 608 317 et
632 286 717 318 filius
743 289 775 318 et
796 287 980 327 paraclitus,

451 334 489 365 In
516 333 629 374 quibus
658 337 704 366 est
731 335 880 375 gaudium
906 337 938 366 et
961 335 1064 367 virtus
1091 336 1283 366 sanctorum.

271 398 355 425 Miss.
385 398 568 426 Belisianum
593 406 668 426 saec.
694 397 737 426 15.
779 399 849 427 Cod.
869 399 1034 427 Bruxellen.
1063 396 1222 427 9786—90.
1242 414 1280 418 —-
1299 399 1363 426 Das
1384 398 1512 425 Mettum

198 435 248 463 des
269 435 377 464 Liedes
400 437 442 463 ist
460 436 512 464 das
534 437 584 464 des
605 437 869 472 Kiliani-Hymnus
890 437 977 465 Anal.
998 438 1050 473 IV,
1075 435 1137 469 174,
1160 437 1230 465 aber
1250 437 1317 464 sehr
1336 436 1512 465 vei-wildert.

633 536 706 569 430.
741 536 784 569 De
804 537 911 568 sancto
932 536 1090 568 mauritio.

442 608 472 641 1.
499 608 673 641 Multorum
700 608 836 640 militum
861 607 925 639 dux
950 607 1032 639 bone
1057 609 1242 651 martyrum,

497 655 641 698 Mauriti,
668 658 700 687 te
725 665 815 695 cano,
841 657 874 686 te
896 656 992 687 modo
1017 663 1162 693 veneror,

497 702 611 735 Vicisti
638 703 796 734 saeculum
823 705 855 734 et
880 703 933 742 qui
956 703 989 733 in
1016 711 1051 734 eo
1077 704 1161 742 sunt,

545 750 739 790 Triumphus
766 759 842 791 ergo
867 750 1002 783 meritiS.

438 810 469 841 2.
500 807 552 839 Ab
579 809 651 838 ortu
675 807 804 838 luminis
830 814 962 837 veneras
986 806 1125 845 inclitus,

500 854 546 887 Ut
569 854 767 886 illuminares
793 853 941 886 tenebras
965 855 1127 891 mentium,

501 901 652 935 Pen‘rent
680 902 840 933 hominum
866 910 948 932 vana
973 901 1143 932 colentium

524 951 587 982 Tot
614 949 658 980 di1
685 957 755 980 cum
776 948 875 981 sacris
900 948 1051 988 gentium.

441 1009 472 1041 3.
498 1006 560 1039 Vir
585 1007 647 1037 iste
670 1006 806 1037 militum
833 1005 974 1045 regulam
996 1005 1107 1045 tenuit,

500 1053 647 1096 Baptista
674 1062 768 1093 quam
795 1052 893 1092 dedit,
919 1052 1026 1083 hostes
1051 1052 1235 1092 perterruit,

498 1101 623 1134 Fidelis
648 1101 797 1142 principi,
829 1099 950 1131 habens
975 1099 1180 1140 stipendium,

549 1148 716 1182 Concussit
739 1148 810 1187 ipse
833 1147 999 1180 neminem.

438 1208 471 1241 4.
497 1205 616 1239 Renuit
640 1204 737 1236 idolis
765 1203 885 1237 hostias
910 1204 1033 1243 aliquas

497 1253 620 1287 Offerre
647 1253 802 1292 donaque,
829 1251 932 1283 socius
957 1252 1070 1282 maluit

495 1300 609 1334 Putari
632 1302 810 1339 martyrum
833 1298 960 1332 Christo
983 1297 1138 1339 fidelium,

544 1347 632 1381 Mori
657 1356 717 1387 pro
744 1347 869 1379 Christo
895 1346 1016 1380 maluit.

440 1409 470 1441 5.
497 1407 630 1446 Iniquus
654 1405 794 1445 imperat
819 1403 945 1445 Caesar,
972 1406 1008 1434 ut
1033 1403 1129 1435 obeat

496 1454 548 1486 Ex
572 1453 651 1492 ipsis
679 1452 829 1492 decimus,
856 1451 1014 1492 praecipit
1039 1450 1189 1489 satarpiS,

499 1501 657 1534 Occidant
680 1500 809 1539 milites,
835 1498 975 1538 spoliant
999 1501 1152 1539 mortuos,

546 1548 610 1581 Sed
638 1547 783 1580 Christus
809 1555 862 1579 eos
887 1546 1031 1585 suscipit.

437 1609 468 1640 6.
495 1607 553 1650 Tu,
580 1605 792 1645 primicerius,
819 1603 971 1636 admones
996 1603 1085 1640 alios,

501 1654 711 1687 contemnant
733 1652 831 1692 idola,
865 1650 996 1682 stabiles
1022 1651 1181 1689 maneant,

496 1703 560 1734 Pro
585 1699 651 1732 fide
674 1700 822 1743 militent,
849 1698 930 1729 mori
956 1707 1018 1729 non
1046 1697 1202 1735 dubitent,

544 1747 716 1781 Intrabunt
742 1747 822 1779 coeli
847 1746 972 1786 gaudia.

439 1808 470 1840 7.
497 1806 642 1839 Invictus
669 1804 802 1844 animus,
828 1808 953 1843 martyr
979 1802 1134 1843 egregius,

499 1854 594 1886 Nunc
620 1852 723 1884 claret
746 1851 902 1890 omnibus,
929 1850 999 1890 quis
1024 1849 1083 1881 tibi
1106 1847 1242 1880 similis:

499 1902 589 1934 Haec
614 1900 697 1932 dona
723 1899 855 1932 coelitus
880 1900 955 1929 sunt
980 1898 1055 1930 data
1080 1895 1212 1936 meritis,

548 1948 693 1988 Mauriti,
719 1947 783 1979 tuis
808 1946 964 1979 maximis

271 2018 355 2047 Miss.
377 2025 432 2044 ms.
457 2016 648 2044 Belisianum.
670 2021 745 2041 saec.
769 2010 812 2041 15.
854 2012 923 2040 Cod.
941 2011 1108 2039 Bruxellen.
1130 2006 1289 2037 9786—90.
1317 2023 1328 2027 -
1373 2006 1516 2044 dMetrum

195 2058 292 2085 instar
311 2056 414 2091 hymni
436 2055 612 2083 Sanctorum
631 2053 746 2079 meritis
766 2052 813 2079 vel
835 2052 920 2087 quasi
939 2051 1079 2078 Inventor
1101 2045 1210 2077 rutilis*

658 2145 722 2177 431.
753 2145 798 2176 De
819 2143 926 2176 sancto
946 2142 1065 2174 Mauro.

699 2213 748 2244 Ad
768 2213 858 2250 Vesp.
880 2214 910 2241 et
927 2211 1014 2241 Noct.

196 2292 227 2325 1,
253 2289 317 2321 Hic
342 2290 391 2319 est
415 2287 518 2327 patris
542 2285 711 2327 magnifici,
889 2284 921 2314 2.
950 2282 1009 2321 Qui
1034 2282 1068 2314 in
1093 2280 1311 2314 adolescentia

255 2336 425 2369 Benedicti
449 2334 586 2373 mirifici,
948 2330 1068 2363 Christi
1092 2337 1226 2368 sequens
1253 2328 1387 2370 vestigia

256 2384 355 2417 Carus
377 2383 512 2415 Maurus
540 2381 717 2421 discipulus
948 2377 1115 2409 Benedicti
1140 2377 1172 2408 in
1199 2376 1299 2409 oculis

255 2432 422 2472 Verusque
448 2430 567 2463 Christi
592 2428 740 2461 famulus.
950 2424 1148 2466 complacuit
1171 2424 1345 2458 miraculis

1288 2478 1345 2510 16*
