1653 2637
721 146 981 183 —223-

614 238 682 270 390.
712 239 756 270 De
776 240 883 271 sancto
904 240 1079 272 humberto.

455 308 485 342 1.
512 310 630 350 Fulges
655 309 797 343 salvifico
821 311 949 343 nomine
972 314 1104 351 martyr,

514 357 627 389 Custos
654 358 808 390 ecclesiae
831 361 942 398 pastor
968 361 1001 390 et
1022 359 1114 398 alme,

512 404 620 436 Munis
643 408 739 445 atque
763 407 847 446 regis
873 415 967 446 quam
991 406 1061 437 vice
1084 406 1180 449 Petri,

513 451 537 484 O
564 452 751 492 Lantberte,
777 462 890 494 gerens
914 454 1037 493 proelia
1063 453 1191 486 Christi.

456 509 487 540 2.
512 508 672 541 Defensor
697 511 834 549 patriam
861 510 996 543 climatis
1021 510 1114 550 huJus

513 557 687 597 Compsisti
711 559 795 589 rosei
820 558 982 598 sanguinis
1008 558 1111 598 undis,

512 604 606 636 Hanc
630 608 665 636 ut
691 605 859 645 coeligenis
882 606 1017 646 jungere
1041 607 1154 649 possis,

512 651 651 691 Tempus
678 661 748 683 cum
773 652 880 695 fuerit,
908 661 1037 684 currere
1063 655 1170 685 coelis.

455 709 487 741 3.
513 708 563 739 Tu
588 717 645 739 nos
671 717 691 739 a
716 708 802 740 vitiis
830 717 925 740 carne
950 710 1068 741 coactis

512 755 562 786 Ac
586 755 700 786 vinclis
726 756 847 794 pariter
872 757 961 787 solve
985 756 1143 798 malignis,

512 802 697 842 Deposcens
722 802 903 843 Dominum,
930 812 990 843 quo
1015 806 1106 843 regat
1130 808 1221 845 aptos

515 849 581 881 Nos
608 854 637 881 et
662 848 813 882 laetificet
838 859 918 891 pace
942 851 1070 891 potitos.

264 912 334 940 Cod.
358 913 523 943 Bruxellen.
551 914 723 943 14650—59
751 924 826 944 saec.
851 915 894 944 10.
937 916 1090 951 „Hymnus
1117 914 1403 945 sanetiLanthe1·ti“
1430 917 1504 953 folgf

186 951 376 978 unrnittelbar
407 951 458 980 der
477 954 549 981 Vita
570 955 693 981 metrica
713 954 772 988 „Pa
796 956 845 982 eni
866 953 973 988 ritui-‘2
998 955 1109 982 welche
1128 957 1168 983 im
1189 955 1322 991 Auftragc
1349 955 1502 990 Stephaus‚

187 988 321 1015 Bischofs
341 998 401 1016 von
420 991 557 1028 Tongern
576 992 718 1025 (Liittich)
740 964 899 1025 {mg—920,
919 992 1043 1020 versasst
1061 994 1187 1021 worden.
1222 994 1251 1021 J.
1272 993 1434 1020 Demartau
1452 994 1506 1020 hat

186 1026 228 1053 im
248 1026 379 1054 Bulletin
402 1027 638 1066 Arc-,heologique
657 1029 777 1066 Liegois⁴
799 1030 828 1058 S.
857 1028 913 1058 383
938 1030 966 1058 ff.
994 1030 1238 1059 wahl-scheinlich
1262 1031 1411 1066 gemacht,
1440 1030 1503 1058 dass

187 1064 238 1091 der
258 1064 410 1092 Vei-fasser
431 1067 481 1095 der
500 1068 572 1096 Vita
591 1069 712 1095 metrica
731 1068 830 1096 Hucb
838 1069 897 1096 ald
921 1076 976 1096 ron
998 1068 1223 1097 saint-Amana
1249 1077 1319 1096 war.
1360 1069 1505 1097 Derselbe

186 1103 265 1129 w'are
285 1102 364 1130 daun
385 1106 461 1133 auch
481 1106 635 1134 Verfasser
654 1106 751 1134 dieses
773 1107 918 1143 Hymnus.

614 1217 675 1249 391.
705 1218 749 1248 De
769 1219 877 1250 sancto
899 1218 1078 1250 Laurentio.

454 1290 483 1321 1.
510 1289 616 1321 Adest
640 1288 793 1328 triumphi
820 1290 927 1329 palma
952 1288 1151 1332 nobilissimi,

510 1336 588 1368 Dies
615 1336 749 1367 celebris
775 1337 939 1369 Laurentii
965 1336 1128 1376 martyris,

515 1384 612 1423 CuJus
636 1384 792 1423 trophaeo
816 1385 1014 1425 gratulantes
1038 1384 1149 1415 inclito

512 1431 615 1463 Melos
642 1440 791 1463 canamus
815 1433 848 1463 in
874 1432 994 1463 honore
1017 1431 1134 1463 debito.

455 1490 485 1521 2.
513 1488 607 1520 Felix
630 1488 744 1520 talenti
771 1489 959 1521 distributor
985 1488 1110 1528 crediti,

514 1536 628 1567 Levita
652 1534 744 1567 fulsit
770 1537 874 1568 clarus
897 1536 931 1567 in
957 1535 1119 1567 miraculis

512 1584 675 1623 Alensque
696 1591 792 1616 censu
819 1584 976 1624 corporali
1003 1591 1186 1627 pauperem,

510 1632 549 1664 In
574 1640 609 1663 se
634 1630 821 1664 frementem
849 1631 1018 1664 concitavit
1041 1630 1191 1670 Judicem.

452 1691 483 1722 3.
510 1689 644 1720 Artatus
669 1688 747 1720 inde
774 1689 900 1721 ducitur
924 1688 1097 1729 praetorio,

514 1736 678 1767 Percurrit
701 1745 821 1776 ungues
845 1745 913 1767 cum
939 1736 1049 1768 dolore
1075 1744 1199 1777 carneo,

512 1784 591 1816 Post
615 1783 695 1814 haec
720 1781 820 1816 feroci
846 1784 1005 1815 sauciatus
1030 1783 1163 1815 vulnere

511 1831 700 1871 Torquetur,
729 1832 823 1863 ardet
846 1831 996 1863 semiusto
1023 1840 1164 1870 corpore.

451 1891 483 1923 4.
512 1888 646 1928 Objecta
670 1888 772 1920 victor
796 1889 946 1929 mitigans
970 1888 1121 1921 incendia

512 1936 633 1969 eruore
655 1936 783 1968 scandit
806 1938 968 1969 laureatus
995 1936 1123 1979 coelica,

509 1985 585 2017 Illic
610 1993 748 2024 superno
772 1985 939 2025 praeditus
965 1984 1156 2017 charismate

513 2034 647 2066 Potatur
671 2032 745 2072 agni
770 2035 973 2065 sacrosancto
999 2032 1161 2073 sanguine.

452 2093 483 2125 5.
509 2091 597 2131 Ergo
623 2098 802 2135 precamur,
829 2093 953 2130 martyr
977 2090 1196 2133 invictissime,

509 2139 564 2172 Ad
587 2147 646 2170 nos
670 2147 784 2172 serena
808 2139 980 2171 sanctitate
1005 2139 1139 2178 respice,

511 2188 608 2228 Cujus
634 2187 780 2219 levamen
807 2189 1030 2228 exspectantes
1051 2188 1222 2227 poscimUS,

508 2236 600 2268 Votis
625 2233 732 2267 faveto
757 2235 1006 2276 supplicantum,
1034 2243 1232 2276 quaesumus.

450 2296 481 2329 6,
507 2293 632 2325 Adesto
657 2292 760 2332 nobis,
786 2293 982 2332 sempiterna
1006 2293 1146 2334 trinitas,

506 2341 647 2374 Intende
672 2340 785 2381 servis,
812 2340 967 2372 trinitatis
992 2341 1110 2381 unitas,

508 2389 571 2421 Per
596 2389 735 2429 gloriosa
761 2388 930 2421 Laurentii
956 2389 1081 2428 proelia

507 2437 578 2469 Fac
601 2445 659 2468 nos
687 2436 822 2476 perenni
846 2436 1009 2469 munerari
1033 2437 1145 2480 gloria.
