1653 2637
674 168 936 205 -182-

149 268 184 299 3.
210 266 296 297 Dum
322 275 341 297 a
365 266 474 298 multis
499 269 695 307 precaretur,
838 269 869 301 5,
894 265 986 297 Haec
1012 267 1086 299 dum
1109 267 1180 300 neci
1204 271 1380 307 aptaretur,

254 312 338 344 hane
362 320 454 344 sacro
480 313 637 344 velamine
949 313 1030 345 diem
1055 315 1104 345 sui
1128 316 1230 347 exitus

206 359 346 390 Tonsam
371 361 475 391 mater
500 359 733 391 commendavit
895 359 1011 392 Divino
1036 363 1217 399 praesciens
1242 365 1330 399 nutu,

257 406 316 437 sub
343 405 479 438 fratrum
504 406 667 446 regimine,
946 416 1009 438 una
1039 416 1109 439 eum
1133 408 1295 440 sororibus

208 452 259 484 Ne
283 453 346 484 levi
372 453 470 485 vitam
495 456 638 485 teneram
898 454 980 485 Tota
1003 457 1096 486 nocte
1120 455 1314 494 persistebat

255 501 433 532 macularet
455 499 583 532 famine.
943 501 977 532 iu
1003 502 1208 533 orationibus.

149 560 184 592 4.
210 557 299 597 Quae
324 559 399 590 dum
422 560 526 589 matre
549 557 743 598 privaretur,
839 559 873 592 6,
899 557 952 590 Ad
975 557 1077 597 ipsius
1101 557 1230 589 bustum
1253 557 1342 588 Deus

258 615 316 637 sua
342 605 504 638 domicilia
946 606 1047 637 multa
1070 604 1241 646 mirabilia,

210 653 391 694 Pauperum
416 653 519 685 tradit
543 652 699 692 manibus,
899 653 1058 694 Operatur
1081 653 1210 684 maestis
1237 652 1356 684 donans

255 710 290 732 se
315 710 438 741 quoque
463 700 634 742 sororibus,
944 703 1055 740 optata
1076 700 1200 741 solatia,

210 749 230 782 J
234 749 358 791 ejuniis,
385 749 512 793 vigiliis,
897 747 1038 779 Exstant
1061 746 1194 779 infantis
1215 747 1372 779 submersi

258 806 374 829 vacans
399 795 589 828 lectionibus
942 796 996 835 pia
1022 794 1185 827 beneficia.

551 854 580 885 7.
607 853 705 893 Ergo,
732 852 821 892 iirgo
848 854 880 883 et
903 855 1048 892 patrona,

656 908 714 932 nos
737 900 772 930 iu
796 900 911 932 throno
936 900 1062 931 sedenti

610 947 836 980 Commendato
860 947 929 987 regi
954 948 1035 979 coeli

653 1004 713 1034 per
737 995 865 1026 saecula
889 995 1044 1035 regnanti,

611 1042 657 1075 Ut
679 1041 790 1074 solutis
814 1042 902 1073 neeis
924 1043 1018 1074 nodis

657 1087 859 1129 perfruamur
883 1090 1017 1129 gaudiis

226 1157 313 1184 Brev.
335 1164 387 1184 ms.
410 1155 579 1192 Saganense
598 1162 673 1181 saec.
696 1151 769 1181 ¹⁵lie.
811 1153 879 1182 Cod.
896 1155 1116 1182 Wratislavien.
1136 1155 1153 1182 Ι
1171 1155 1197 1183 F
1215 1152 1280 1182 448.

587 1245 653 1277 308.
686 1246 729 1277 De
748 1246 857 1276 saneta
879 1244 1039 1278 Gertrude.
1083 1236 1089 1242 ⁵

460 1308 491 1340 1.
517 1307 657 1346 Virginis
682 1314 793 1338 sacrae
816 1315 1004 1339 veneremur
1029 1316 1137 1340 omnes

516 1354 615 1386 Festa
639 1353 807 1386 Gertrudis
832 1354 1002 1386 recolendo
1027 1355 1109 1387 mira

519 1400 618 1434 Gesta
640 1402 793 1432 virtutum
816 1402 940 1434 meritis
966 1403 1072 1442 opima

560 1449 671 1480 Mente
694 1447 792 1481 fideli.

461 1507 492 1540 2.
520 1504 651 1544 Copiam
673 1505 779 1537 laudis
804 1506 949 1537 tribuunt
975 1507 1102 1539 abunde

520 1553 649 1587 Gratiae
674 1562 786 1584 munus
814 1553 941 1586 deitatis
967 1554 1080 1595 almae,

518 1602 620 1632 Actus
646 1603 677 1632 et
698 1600 805 1640 ¹*iustae
829 1599 966 1632 famulae
991 1601 1113 1640 beatae,

560 1647 606 1680 Ut
626 1648 809 1687 ,iubilemus

459 1707 489 1738 3.
515 1704 595 1743 Ejus
620 1705 662 1736 ad
686 1713 810 1736 sacrum
834 1705 965 1736 veniens
993 1706 1196 1746 sepulchrum

519 1752 666 1791 Quisquis
691 1750 828 1784 afflictus
849 1752 989 1792 rogitans
1014 1753 1171 1785 medelam

515 1799 626 1831 Mente
649 1809 712 1831 non
735 1798 811 1830 fieta
835 1799 921 1831 redit
940 1801 1017 1832 inde
1040 1804 1172 1842 portans

560 1846 653 1878 Dona
677 1846 798 1879 salutis.

459 1905 491 1936 4.
516 1903 664 1936 Membra
690 1901 832 1936 defuncti
854 1905 949 1944 pueri
971 1911 1143 1946 resurgunt

517 1953 580 1984 Per
604 1960 677 1983 suos
699 1948 793 1982 flatus
818 1953 958 1984 animata
981 1963 1107 1986 rursum

517 1999 561 2031 Et
589 1998 651 2029 sibi
676 2006 746 2030 sese
770 2008 939 2038 superasse
963 2002 1059 2034 valde

561 2045 810 2085 obstupuerunt.

461 2104 492 2135 5,
518 2102 652 2141 Depulit
675 2101 790 2144 febres,
818 2103 967 2136 solidavit
991 2109 1090 2146 artus,

517 2149 632 2182 Vincla
658 2149 814 2191 dissolvit,
839 2153 996 2184 reseravit
1017 2162 1120 2194 aures,

515 2196 673 2229 Reddidit
694 2196 827 2242 linguas,
855 2199 961 2231 oculos
988 2202 1141 2234 decorans

559 2243 695 2276 Lumine
723 2245 819 2278 claro.

461 2304 492 2335 6.
519 2301 681 2334 Mentibus
706 2304 825 2335 nostris
850 2304 937 2336 vitiis
964 2306 1105 2348 depulsis

518 2348 669 2382 Semitam
690 2359 813 2382 morum
837 2352 986 2391 precibus
1011 2352 1160 2396 reforma,

516 2397 570 2430 Ad
593 2396 678 2428 viam
699 2397 786 2430 vitae
807 2408 923 2432 revoca
946 2409 1104 2441 supernae

558 2443 704 2477 Barbara
730 2446 836 2477 corda.
