1653 2637
671 115 929 150 -212—

407 214 439 248 4.
467 214 554 247 Casti
580 214 741 252 parentes,
766 210 860 244 nobis
884 211 1086 253 praedilecti,

466 261 628 293 Tenebras
654 262 768 299 petunt
792 260 903 300 angelo
931 261 1071 300 ductore,

467 309 510 341 Et
533 308 601 341 illic
626 310 754 340 manent
780 308 900 340 obitum
927 308 1069 348 adusque

516 356 612 397 Regis
637 355 789 389 Herodis,

411 415 442 447 5.
470 413 522 447 Ad
550 422 675 446 sacrum
701 413 789 452 cujus
815 412 969 445 tumulum
995 411 1179 452 frequenter

469 461 616 494 Membra
641 462 842 501 languentum
870 461 964 493 modo
990 460 1128 505 sanitati,

471 509 617 550 Quolibet
640 508 751 540 morbo
777 507 898 540 fuerint
921 511 1064 549 gravata,

515 556 748 589 Restituuntur.

412 615 443 648 6.
468 614 564 647 Unde
591 621 674 645 nunc
698 615 806 645 noster
830 613 943 645 chorus
968 613 1001 646 in
1025 614 1178 645 honorem

468 661 574 701 1psius
599 661 749 700 hymnum
775 661 861 693 canit
885 661 969 693 hunc
993 661 1140 700 libenter,

470 709 516 741 Ut
539 709 601 748 piis
627 710 694 749 ejus
719 708 841 740 meritis
861 709 1009 748 juvemur

517 756 616 788 Omne
643 764 702 796 per
727 764 848 788 aevum.

415 813 445 845 ’7.
474 813 521 845 Sit
546 812 631 845 salus
656 812 714 852 illi,
743 812 838 844 decus
864 815 958 852 atque
983 812 1094 852 virtus,

472 860 531 899 Qui
558 869 655 899 supra
681 860 761 892 coeli
786 860 929 892 residens
956 868 1115 902 cacumen,

471 908 582 939 Totius
606 908 717 939 mundi
740 907 918 939 machinam
944 906 1101 947 gubernat,

520 954 635 986 Trinus
667 957 698 985 et
721 963 811 986 unus.

227 1029 312 1056 Brev.
337 1038 389 1057 ms.
417 1030 446 1057 S.
474 1030 593 1065 Georgii
617 1029 740 1064 Pragen.
767 1037 842 1056 saec.
867 1027 911 1056 14.
953 1028 1020 1056 Ood.
1046 1028 1171 1065 Pragen.
1198 1029 1273 1057 VIII
1292 1029 1319 1056 Ε
1346 1028 1370 1058 1.
1396 1031 1460 1058 add.

152 1074 227 1094 saec.
251 1065 294 1093 17.
371 1067 400 1102 4,
420 1065 440 1095 4
459 1069 549 1104 Regis
570 1068 697 1102 ergtinzt.
719 1081 754 1086 --ν
775 1066 802 1099 7,
821 1064 841 1093 4
860 1068 972 1094 Tei-nus
993 1066 1067 1094 Jesu
1085 1068 1259 1103 redemptor.

597 1196 660 1229 366.
692 1197 734 1227 Dc
753 1196 859 1228 sancto
880 1196 1001 1235 Joseph.

155 1277 185 1309 1.
215 1275 438 1308 (‘011aude1nus
464 1278 530 1308 toto
557 1277 653 1308 corde
840 1277 870 1308 5.
899 1275 994 1314 Quem
1021 1277 1193 1309 inviolatae
1218 1277 1329 1309 matris

260 1322 321 1355 Dei
347 1323 545 1363 sapientiam,

215 1370 338 1410 Virgini
363 1371 415 1410 qui
439 1371 547 1409 junxit
568 1374 655 1403 sorte

263 1417 332 1450 Viri
359 1418 565 1458 diligentiam,

215 1466 276 1505 Qui
300 1465 459 1497 nascentis
484 1466 553 1497 sine
577 1466 673 1497 sorde

263 1513 376 1546 Aleret
400 1511 578 1545 infantiam.

184 1599 189 1606 .
216 1571 373 1612 Sponsum
398 1578 474 1601 suae
498 1569 688 1609 providebat

265 1617 421 1651 Genitrioi
445 1616 609 1658 Dominus,

217 1667 311 1705 Quem
339 1664 446 1697 Maria
469 1672 532 1695 non
558 1664 707 1696 horrebat

214 1751 220 1757 Ι
263 1712 502 1745 ministrantem
529 1711 679 1750 cominus,

219 1761 341 1801 Virgini
368 1760 441 1791 dum
466 1758 626 1790 serviebat

268 1808 364 1848 Virgo
390 1806 602 1838 nihilominus.

161 1887 168 1896 .
185 1894 192 1901 ,
219 1866 316 1905 Quam
343 1863 482 1898 Johanni
507 1863 738 1896 commendavit

269 1912 321 1944 Ad
347 1914 471 1951 patrem
497 1911 691 1950 regrediens,

218 1961 326 2000 Ipsam
351 1958 471 1999 Joseph
498 1958 704 1997 desponsavit

267 2008 336 2039 Rex
360 2005 511 2038 mundum
535 2005 728 2046 ingrediens,

218 2054 347 2095 Duplex
371 2061 477 2085 arcam
502 2052 548 2084 sic
574 2052 689 2085 velavit

271 2100 395 2135 Cherub
419 2101 481 2132 hoc
504 2100 689 2140 respiciens,

185 2186 193 2193 .
219 2160 340 2192 Hortus
365 2165 460 2189 verae
484 2157 656 2196 voluptatis

268 2205 389 2246 Joseph
413 2207 487 2237 sunt
512 2204 637 2244 cubilia,

219 2255 284 2288 Ubi
306 2252 366 2286 flos
390 2252 582 2293 virginitatis

269 2302 377 2334 Pascit
399 2300 484 2332 inter
508 2299 586 2340 lilia,

222 2350 327 2384 Corda
351 2348 462 2381 fovens
488 2347 643 2379 castitatis

267 2397 353 2431 Hinc
376 2396 452 2428 inde
476 2394 599 2435 parilia.

946 1324 1076 1362 Peperit
1100 1324 1277 1365 integritas,

897 1371 1005 1410 Ipsum
1030 1371 1167 1410 putativi
1191 1373 1293 1412 patris

945 1418 1037 1450 Aluit
1055 1419 1231 1459 virginitas,

898 1465 1054 1497 Hostibus
1081 1467 1202 1499 uelami-
1226 1467 1305 1498 atris

945 1512 1016 1544 Hac
1040 1516 1109 1545 arte
1136 1513 1297 1546 divinitus.

865 1593 872 1600 .
898 1568 1018 1608 Joseph
1043 1572 1160 1609 portat,
1191 1571 1312 1610 Joseph
1337 1572 1466 1614 tractat,

946 1617 1067 1655 Joseph
1091 1616 1210 1648 mulcet
1233 1617 1360 1659 osculis,

899 1661 981 1694 Dum
1007 1664 1154 1695 Herodes
1179 1673 1295 1704 parvos
1321 1668 1441 1698 mactat

948 1710 1091 1742 Artubus
1115 1711 1308 1756 minusculis,

899 1757 1020 1798 Joseph
1032 1758 1125 1799 hunc,
1145 1767 1237 1798 quem
1254 1760 1342 1800 virgo
1357 1762 1466 1803 lactat,

948 1805 1112 1838 Subtrahit
1138 1807 1299 1846 periculis.

867 1889 873 1895 .
901 1861 985 1894 Puer
1006 1862 1041 1894 in
1065 1863 1246 1905 Aegyptum
1274 1858 1387 1898 duc‘tus

947 1909 1067 1950 Joseph
1090 1911 1266 1943 ministerio

901 1956 952 1989 Ab
979 1958 1090 1989 eodem
1112 1961 1186 1997 post
1210 1959 1362 1992 reductus

949 2005 1053 2037 Patris
1080 2009 1128 2036 est
1150 2005 1297 2049 imperio,

902 2051 1093 2083 Maturescit
1117 2053 1198 2085 coeli
1222 2051 1345 2087 fructus

950 2098 1003 2131 Sic
1028 2100 1130 2132 crucis
1155 2103 1318 2150 mysterio.

868 2181 874 2188 .
903 2154 1014 2188 Gloria
1037 2165 1157 2190 summo
1183 2160 1321 2200 parenti,

949 2203 1034 2235 Laus
1059 2205 1185 2244 aequali
1207 2205 1284 2247 filio,

901 2251 953 2283 Ab
982 2253 1117 2292 utroque
1140 2254 1329 2294 procedenti

948 2300 1012 2331 Par
1039 2299 1134 2331 decus
1159 2303 1325 2343 paraclito,

902 2346 960 2386 Qui
984 2355 1042 2378 nos
1067 2348 1170 2382 salvet
1194 2354 1398 2391 praepotenti

947 2393 1056 2427 Sancti
1081 2396 1203 2437 Joseph
1227 2400 1353 2434 merito.
