1653 2637
673 124 931 158 —123——

610 246 677 278 203.
707 247 750 278 De
770 246 880 276 sancta
898 246 997 276 Anna.

700 323 748 353 Ad
767 322 895 353 Laudes.

830 403 862 433 2.
886 401 974 440 Ergo
999 401 1069 433 Deo
1093 401 1137 432 sit
1160 401 1272 441 gloria,

888 448 937 481 Sit
960 450 1136 489 gratiarum
1159 448 1253 490 actio,

887 496 947 536 Qui
971 506 1028 528 nos
1053 495 1168 528 Annae
1193 505 1231 529 ex
1256 495 1323 528 filia

890 543 1040 576 Visitavit
1063 543 1096 576 in
1122 543 1198 577 filio.

141 405 172 439 1.
199 404 224 436 Ο
251 412 344 444 quam
370 401 455 435 festa
478 401 587 434 felicia

200 451 362 491 Quamque
386 449 518 490 profusa
543 449 670 490 gaudia,

199 498 264 531 Ubi
287 500 389 530 mater
415 507 454 530 ex
479 496 545 529 filia

198 546 295 579 Anna
320 545 446 579 Christo
470 543 508 576 fit
532 545 613 578 avia.

218 631 303 658 Brev.
324 637 376 657 ms.
396 628 635 656 Praedicatorum
656 636 731 655 saec.
753 625 784 655 ¹⁴²,
793 635 827 654 15.
871 626 939 655 Cod.
962 627 1131 655 Olomueen.
1150 628 1167 655 Ι
1185 627 1260 655 ἮΙΪ
1279 626 1306 654 4.
1328 644 1365 648 —-
1387 626 1419 661 12
1439 625 1460 654 4

141 670 181 696 sit
201 669 278 696 avia.
299 682 336 687 —-—
357 665 390 700 2,
412 665 431 694 4
451 675 487 695 ex
505 665 577 693 filio.
598 681 636 686 —-
656 666 716 694 Der
736 667 872 701 Hymnus
893 667 925 693 in
948 663 972 692 1.
993 666 1080 702 Vesp.
1102 665 1254 694 desselben
1276 665 1356 694 Osfic.
1379 666 1458 693 steht

140 706 225 734 Anal.
250 707 293 734 iv
313 706 363 734 Nr.
391 703 454 732 125.
493 704 654 732 Vielleicht
674 704 773 732 bilden
792 704 880 732 beide
899 704 1037 738 Hymnen
1056 704 1266 740 urspriinglich
1285 713 1341 732 nur
1361 705 1456 739 einen,

140 745 245 772 dassen
265 742 291 772 3.
313 743 440 777 Strophe
460 742 484 771 O
506 751 594 778 quam
613 742 689 770 festa
707 742 815 770 felicia.

582 902 651 934 204.
682 901 726 933 De
749 903 857 934 sancto
875 902 1037 934 Ansberto.

143 994 174 1027 1.
200 990 410 1033 Ansebertus‚
438 992 558 1024 Christi
583 993 705 1031 haeres,

250 1040 460 1073 Fontanellae
488 1039 609 1071 sinibus

202 1087 250 1120 Ob
276 1096 413 1119 amorem
440 1087 585 1127 paradisi

249 1134 354 1167 factus
380 1137 427 1166 est
454 1134 639 1173 discipulus,

200 1183 322 1216 Christi
344 1182 455 1222 jugum
481 1190 575 1221 quam
600 1190 695 1214 suave

250 1231 315 1262 suis
342 1230 421 1261 dans
447 1228 634 1263 cervicibus,

142 1290 173 1322 2.
199 1283 309 1320 Bonus
332 1289 444 1326 pastor
467 1286 557 1326 pavit
582 1294 655 1318 oves

247 1335 281 1366 iu
305 1334 464 1374 praesulis
490 1333 623 1373 vicibus,

201 1382 301 1414 Jacob
327 1381 434 1413 scalae
458 1380 539 1412 miro
564 1381 659 1414 modo

247 1428 450 1462 ascendendo
475 1428 638 1468 gradibus,

200 1477 298 1509 Veste
322 1476 405 1517 vilis,
431 1475 495 1508 cibi
519 1485 646 1516 parcus,

248 1524 376 1557 humilis
401 1533 480 1564 prae
504 1523 659 1559 omnibus,

141 1585 173 1617 3.
201 1579 313 1616 Celsus
339 1580 485 1621 pontifex
512 1581 630 1614 electus

245 1629 431 1662 Rotomensi
456 1629 586 1670 populo,

200 1678 390 1718 Speculator
413 1677 478 1709 illis
504 1675 618 1718 factus,

248 1725 425 1758 Galliarum
450 1723 566 1756 finibus

200 1773 335 1814 Gregem
363 1772 484 1804 Christi
510 1772 684 1804 custodivit

249 1830 269 1852 a
292 1821 438 1861 luporum
467 1819 634 1851 morsibus.

138 1882 170 1914 4.
197 1876 291 1912 Dado
316 1886 408 1910 sacer
432 1879 644 1917 nuncupatus,

246 1927 422 1959 Audoenus
448 1925 585 1965 nomine,

196 1977 226 2008 A
256 1972 406 2015 praefata
429 1973 510 2005 urbe
535 1973 675 2013 migrans

246 2032 317 2055 cum
343 2020 487 2062 perfecto
513 2029 619 2064 opere,

197 2071 254 2104 Cui
287 2071 401 2112 dignus
427 2068 625 2101 Ansebertus

244 2118 400 2151 successit
424 2118 455 2150 in
484 2117 640 2158 dogmate,

137 2180 169 2213 5.
195 2174 280 2211 Erat
305 2176 388 2209 enim
415 2176 552 2208 clemens
580 2175 692 2207 doctor

245 2226 361 2266 plenus
386 2224 478 2256 bonis
505 2223 640 2262 actibus‚

195 2274 407 2313 Ansebertus‚
433 2280 528 2304 verus
553 2274 675 2312 pastor,

242 2324 427 2354 mansuetus
452 2319 605 2359 moribus,

196 2370 334 2402 Verbum
363 2369 447 2401 vitae
472 2367 690 2408 praedicando

245 2417 383 2450 affabilis
409 2415 566 2450 omnibus,

843 993 873 1025 6.

901 989 984 1026 Fide
1008 991 1128 1033 firmus,
1153 1000 1208 1023 ore
1233 990 1357 1031 fulgens

947 1040 979 1070 in
1006 1038 1132 1079 legendi
1158 1038 1276 1078 studio,

901 1087 948 1120 Ut
972 1087 1134 1120 Johannes
1160 1087 1387 1125 Chrysostoma

950 1134 1024 1166 olim
1052 1135 1085 1166 in
1110 1134 1280 1174 Byzanzio,

900 1182 1015 1214 Datum
1044 1182 1084 1214 de
1108 1181 1255 1221 supernis
1282 1181 1397 1213 donum

949 1227 1096 1268 capiendi
1121 1229 1285 1268 optimum.

900 1283 1064 1320 Gloriosus
1088 1286 1218 1325 praesul
1242 1283 1346 1317 factus

947 1332 1122 1365 Galliarum
1147 1332 1285 1373 populis,

901 1380 1080 1421 Hospitum,
1110 1380 1362 1421 peregrinorum,

944 1428 1050 1468 largos
1077 1428 1170 1459 dator
1195 1428 1343 1470 omnium,

901 1475 1115 1516 Elemosynae
1139 1475 1298 1508 studendo

945 1523 1033 1555 sinus
1057 1523 1194 1563 implens
1218 1531 1404 1564 pauperum.

900 1577 1020 1615 Hilaris
1046 1582 1116 1613 erat
1137 1580 1170 1612 in
1196 1580 1285 1613 vultu

943 1628 1165 1668 jucundusque
1189 1627 1282 1668 facie,

898 1676 1083 1709 Miserendo
1110 1677 1231 1708 cunctis
1258 1676 1357 1708 dabat

948 1724 1062 1763 stipem
1087 1723 1139 1755 hic
1165 1723 1329 1765 egentibus

901 1771 1123 1811 Orphanorum
1147 1774 1241 1811 pater
1265 1772 1337 1811 pius

949 1820 1015 1850 acsi
1040 1818 1101 1851 Job
1127 1819 1357 1855 sanctissimus.

902 1874 1009 1911 Jubar
1033 1876 1109 1918 poli,
1135 1876 1314 1908 illustratus

947 1927 1057 1956 sancto
1083 1933 1207 1964 quoque
1230 1925 1356 1966 spiritu,

902 1972 1038 2013 Gregem
1065 1972 1184 2005 Christi
1209 1971 1411 2005 informando

950 2021 1065 2053 circuit
1089 2020 1269 2060 parochias,

901 2068 962 2100 Dei
986 2068 1118 2101 verbum
1143 2067 1319 2101 nuntiando

948 2116 1064 2148 invitat
1087 2116 1128 2148 ad
1150 2116 1304 2157 praemia.

831 2176 885 2208 10.
900 2171 1017 2214 Rapax
1043 2174 1274 2215 hagiographia

948 2223 1091 2262 repletus
1115 2231 1175 2262 per
1200 2223 1315 2263 omnia,

905 2272 1020 2302 Vetera
1044 2279 1189 2311 novaque
1213 2271 1357 2311 pandens

951 2318 991 2349 de
1015 2320 1165 2351 thesauro
1191 2318 1321 2361 optimo,

901 2366 1009 2398 Veluti
1032 2370 1068 2398 ut
1091 2367 1198 2399 scriba
1220 2366 1330 2399 doctus

951 2415 1111 2446 coelorum
1136 2414 1267 2447 basileo.
