1653 2637
676 103 907 139 ,(50.-

403 202 433 234 5.
460 200 486 233 O
511 209 568 233 vas
593 202 719 244 amoris,
748 200 899 241 templum
923 200 1001 234 Jesu
1025 199 1155 240 Christi,

463 248 569 289 Ortus,
596 248 667 281 fons
689 249 776 288 solis,
801 247 916 287 Maria,
941 245 1040 289 fuisti,

461 295 509 327 Tu
534 297 644 329 ι16511111
670 295 828 328 Christum
853 297 890 327 ut
917 297 1059 326 nostrum
1085 294 1237 327 delictum

507 342 623 384 Tollat,
651 351 755 376 exora.

403 406 433 438 6.
461 404 485 437 O
511 404 677 445 plenitudo
701 404 823 443 gratiae
847 403 989 443 pudoris,

458 451 541 483 Vitis
567 450 713 490 fecunda,
739 453 842 482 mater
866 450 1045 490 salvatoris,

461 499 613 530 Precibus
636 499 700 530 tuis
725 498 812 530 adsit
836 497 980 530 Christus
1004 496 1097 529 nobis

505 545 620 578 Mortis
644 546 678 576 in
704 545 792 578 hora.

404 608 433 638 7.
462 606 486 638 O
512 605 599 638 Deus
624 606 716 645 alme,
745 605 878 649 Christe,
906 614 963 637 rex
988 608 1128 646 aeterne,

459 654 521 685 Per
545 656 631 685 tuam
657 656 790 685 matrem
815 662 941 693 semper
962 661 1020 685 nos
1048 652 1194 696 defende,

459 700 568 733 Donec
590 701 767 740 praesentis
791 702 937 741 vitaeque
961 701 1121 740 sequentis

505 748 624 780 Adsint
648 748 788 780 dulcem.

403 811 434 843 8.
460 809 641 842 Laudemus
665 809 778 847 Deum,
802 811 926 848 patrem
950 817 1105 840 summum
1132 817 1250 848 verum,

457 857 529 896 Ejus
538 864 598 896 que
624 858 742 893 natum,
768 856 915 896 spiritum
941 858 1098 888 sacratum

456 903 500 936 Et
525 903 709 943 genitricem
736 903 863 945 Christi,
886 906 922 934 ut
947 901 1073 935 felicem

508 951 594 983 Dent
617 951 727 982 mortis
753 951 874 984 horam.

214 1017 298 1044 Biffev
321 1025 372 1044 ms
393 1016 538 1044 Romano·
539 1016 725 1043 Francisean.
751 1023 822 1042 saec.
846 1013 887 1042 14.
909 1016 949 1041 in.
984 1014 1054 1043 Cocl.
1077 1014 1171 1051 Capit.
1191 1015 1328 1043 Patavini
1351 1014 1374 1043 15
1397 1015 1442 1044 56.

138 1055 202 1083 add.
230 1063 304 1082 saee-
332 1052 406 1082 14l10.
427 1054 461 1081 A
483 1068 516 1072 —
539 1053 624 1080 Brev.
649 1061 703 1080 ms.
724 1052 753 1079 S.
774 1053 855 1080 Petri
873 1053 1010 1081 Perusini
1038 1051 1180 1081 5116614.
1223 1053 1292 1081 Comi
1313 1053 1441 1081 Lamen-

136 1095 206 1120 tian.
230 1092 318 1120 ConV.
340 1101 393 1128 sup
396 1089 488 1119 ..461
508 1092 541 1119 Β.
564 1107 600 1110 --
623 1089 646 1125 1,
667 1088 685 1118 3
707 1089 852 1119 Ch1istum
875 1099 959 1127 quern
979 1090 1114 1126 pc1ducis
1135 1090 1233 1119 fehlen
1253 1091 1343 1119 15.-
1370 1090 1440 1124 2,1

134 1131 160 1158 Ε
188 1138 255 1158 rosa
272 1130 372 1158 mundi
376 1101 424 1158 Ι)15-
446 1144 482 1149 —-
503 1127 534 1163 2,
560 1127 578 1155 2
598 1129 664 1156 laus
683 1128 856 1164 zweisilbig.
877 1143 915 1149 —-
937 1126 1009 1161 3,1
1031 1130 1226 1156 cinamomum
1248 1130 1278 1157 15.
1322 1129 1391 1161 —‚4
1425 1128 1442 1158 3

135 1169 261 1204 benigne
281 1168 312 1195 B.
334 1182 371 1187 ——
391 1166 459 1201 5,1
488 1148 566 1201 Qu⁷as
587 1167 696 1195 amoris
718 1166 751 1193 B.
773 1180 809 1186 —-
830 1165 862 1200 5
890 1163 907 1195 3
934 1170 1066 1194 nostrum
1094 1166 1231 1195 dilectum
1250 1166 1341 1195 13.-—
1363 1166 1393 1199 6,
1424 1166 1441 1195 2

135 1207 221 1234 Pacis
247 1206 369 1233 fecunda
389 1207 479 1234 15.--
501 1204 530 1239 6,
557 1202 575 1232 3
602 1205 688 1233 nobis
708 1204 781 1232 fehlt
800 1204 834 1232 A.
855 1220 892 1224 —
912 1204 969 1232 Str.
990 1203 1007 1230 7
1028 1203 1100 1231 fehlt
1118 1205 1153 1232 A.
1174 1220 1212 1225 —-
1232 1204 1263 1238 7,
1284 1202 1310 1239 ¹3
1331 1204 1441 1232 Christi

135 1243 208 1272 fehlt
225 1243 258 1272 B.

570 1338 616 1370 88.
640 1339 675 1370 In
696 1338 898 1378 Conceptione
919 1337 1005 1369 BMV.

679 1405 726 1436 Ad
748 1406 904 1443 Vesperas.

139 1478 170 1510 1.
196 1477 266 1509 Rex
291 1476 428 1516 gloriose
450 1476 608 1516 virginum
816 1477 848 1508 4.
875 1474 1024 1507 Laotavit
1047 1475 1141 1507 Anna
1166 1476 1304 1515 genitrix

196 1524 239 1556 Et
265 1526 470 1557 conservator
495 1524 641 1562 omnium,
874 1522 945 1554 Hoc
969 1522 1074 1554 lumen
1099 1522 1297 1564 indeficiens,

197 1572 245 1603 Tu
269 1571 359 1603 nobis
389 1572 429 1603 da
454 1570 663 1611 psallentibus
875 1569 946 1601 Hoc
971 1570 1034 1601 sibi
1059 1573 1191 1603 matrem
1218 1571 1346 1603 luminis

197 1619 339 1651 Psallere
363 1618 452 1657 puris
476 1618 642 1650 mentibus.
878 1616 1024 1650 Christus
1045 1621 1137 1657 patre
1161 1618 1371 1658 praeeligens,

140 1688 170 1720 2.
196 1685 374 1718 Laudando
399 1685 482 1725 regis
507 1684 615 1722 filiam,
818 1686 848 1718 5.
876 1684 1082 1724 Quaesumus,
1109 1686 1221 1724 mater,
1248 1684 1347 1717 filium

195 1733 333 1765 Matrem
357 1732 603 1770 misericordiae,
875 1731 976 1763 Tuum
1002 1741 1078 1771 rogo
1106 1732 1234 1772 diutius,

196 1780 283 1819 Quae
306 1780 398 1812 nobis
423 1780 505 1819 petit,
529 1780 653 1811 veniam
876 1779 923 1812 Ut
948 1778 1096 1811 conferat
1119 1780 1271 1812 auxilium

196 1827 410 1867 Supplioando
436 1827 586 1867 quotidie.
876 1826 976 1858 Nobis
1002 1827 1034 1858 in
1061 1827 1183 1859 hostem
1210 1827 1351 1860 coelitus.

139 1896 168 1927 3.
195 1894 284 1926 Haec
309 1894 391 1934 regis
417 1894 506 1934 virgo
528 1893 671 1925 nascitur
818 1895 849 1927 6,
876 1893 921 1926 Ut
946 1902 1016 1925 cum
1040 1893 1111 1932 ipso
1138 1897 1172 1924 tu
1197 1894 1323 1925 veneris

196 1941 301 1973 David
328 1950 365 1973 ex
391 1941 492 1980 stirpe
516 1940 624 1979 nobili,
877 1940 993 1973 Orbem
1017 1943 1119 1971 totum
1147 1940 1337 1982 dijudicans,

197 1989 259 2020 Per
282 1998 374 2029 quam
400 1988 485 2020 salus
507 1989 574 2027 J'am
600 1988 746 2021 redditur
875 1987 923 2018 Tu
947 1996 1004 2019 nos
1026 1988 1103 2027 juva
1129 1996 1198 2019 cum
1226 1989 1338 2021 ceteris

195 2036 317 2067 Mundo
343 2043 401 2076 per
424 2035 527 2068 Evam
550 2033 660 2068 fiebili.
875 2035 913 2066 In
937 2037 1030 2074 parte
1057 2035 1171 2067 dextra
1196 2036 1364 2070 collocans,

561 2103 592 2135 7.
617 2101 708 2132 Patri
734 2101 862 2140 ejusque
887 2100 992 2140 genito

618 2148 784 2181 Reddatur
809 2148 878 2180 laus
903 2150 937 2179 et
959 2147 1062 2189 gloria

620 2195 815 2235 Spirituique
839 2196 950 2227 inclito

617 2242 680 2274 Per
704 2243 829 2276 Mariae
853 2243 1015 2275 solemnia.

212 2311 296 2338 BreV.
317 2318 368 2336 ms.
391 2308 572 2336 Benedictin.
589 2309 685 2335 Pisan.
708 2309 777 2335 anni
799 2305 881 2335 1326.
917 2307 986 2335 Ood.
1006 2308 1197 2336 Laui-eutian.
1213 2309 1326 2337 Sti-ozzi
1349 2308 1391 2337 11.
1407 2325 1444 2329 ——

135 2347 168 2383 5,
190 2346 207 2376 2
226 2350 271 2376 Tu
290 2355 370 2383 roga.
393 2363 428 2367 —
452 2345 483 2380 5,
504 2344 523 2373 4
541 2346 634 2374 hoste.
655 2362 692 2366 -—-
713 2346 745 2380 7,
766 2343 784 2374 3
804 2346 877 2374 fehlt
897 2348 961 2374 eine
982 2345 1079 2381 silim
1107 2355 1163 2382 que
1184 2348 1311 2384 erg‘zinzt.
1333 2364 1369 2369 -
1391 2349 1445 2386 „In

133 2387 208 2415 festo
231 2386 436 2421 Conceptionis
457 2386 521 2412 sive
543 2384 791 2413 Sanctificationis
812 2385 921 2413 fleat-ae
943 2385 1057 2413 Mariae
1073 2384 1236 2422 Virginis.“
