1653 2637
687 136 949 177 *187—

146 238 177 270 3.
204 235 403 270 Modulantis
428 237 613 270 harmoniae
836 241 868 273 4.
896 240 997 273 Simul
1020 240 1144 273 morbis
1168 240 1335 274 lacessitus

251 285 420 317 Renovans
448 285 650 318 dulcedinem
942 288 988 320 Et
1014 289 1172 322 bellorum
1193 289 1323 321 turbine

203 331 247 365 Et
271 332 450 365 reformans
475 333 676 367 hierarchiae
896 337 1025 369 Perstat
1050 335 1153 374 fortis,
1180 338 1245 370 alte
1270 338 1349 370 situs

250 380 466 414 Subcoelestis
492 382 638 414 ordinem
942 384 980 416 In
1006 385 1135 417 virtutis
1163 385 1308 424 culmine,

202 429 241 462 In
266 437 301 459 se
326 429 433 462 David
458 431 491 460 et
515 429 623 463 Josiae
896 432 958 464 Job
986 436 1017 464 et
1042 432 1140 464 Josue
1163 434 1303 465 munitus

248 477 387 509 Pertulit
409 477 590 517 imaginem.
942 479 1025 512 Bina
1050 478 1250 514 fortitudine.

487 536 518 567 5.
545 534 621 567 Tibi
646 544 770 567 summa
795 537 838 568 sit
863 537 1013 576 majestas

594 582 777 615 Gratiarum
804 584 900 624 actio,

545 630 668 672 Honor,
694 631 797 663 virtus
824 634 857 663 et
879 634 1035 674 potestaS,

592 676 677 710 Laus
704 681 736 710 et
758 678 950 721 benedictio,

544 726 631 765 Quae
657 726 803 758 coelestis
828 727 919 766 regni
942 729 1091 767 praestas

593 773 737 806 Gloriam
764 773 930 815 Gregorio,

218 850 302 876 Brev.
323 849 673 878 ms.Vallumb1-osanum
693 859 768 878 saec.
789 849 830 879 15.
851 852 891 878 111.
927 850 996 878 Cod.
1011 851 1173 878 Londinen.
1189 852 1276 879 Eum.
1295 848 1359 879 333.
1375 852 1411 878 A.
1425 866 1463 872 —-

139 888 224 915 BreV.
250 895 303 914 ms.
332 889 364 914 S.
392 886 488 916 Salvii
514 888 643 916 Floiffent
674 897 750 916 saec.
773 886 816 917 15.
858 888 926 916 Cod.
956 889 1140 917 Riccaidian.
1165 887 1230 917 372.
1258 889 1290 916 B.
1316 903 1353 907 —
1379 890 1462 917 Brev.

140 934 194 953 ms.
224 925 253 953 S.
277 925 435 953 Trinitatis
462 927 494 952 111
517 926 640 971 Alpibus
667 928 738 954 anni
760 924 843 955 1455.
886 927 955 955 (od.
976 928 1167 955 Laurentian.
1189 926 1278 954 Conv.
1307 936 1361 963 sup
1365 925 1461 955 .512.

141 963 171 991 0.
193 978 231 983 --
252 965 336 991 Br.ev
357 964 599 992 Praedicatorum
618 966 688 1000 imp.
708 965 842 993 Venetiis
864 963 947 993 1514.
968 965 1004 993 D.
1024 980 1062 984 —-
1081 964 1109 999 4,
1132 963 1147 992 1
1168 965 1318 993 morboA.
1340 979 1378 984 -—
1396 964 1423 999 4,
1444 963 1462 993 2

138 1002 290 1030 turbidine
309 1003 347 1030 D.
373 1016 407 1021 —*
429 1002 475 1029 Ad
495 1003 679 1030 Nocturnum
699 1003 730 1031 C.

575 1122 633 1155 317.
665 1123 710 1155 De
730 1125 838 1156 sancto
861 1123 1020 1164 Gregorio.

678 1202 724 1231 Ad
743 1201 935 1233 Nocturnum.

138 1280 168 1313 1.
196 1280 318 1313 Laudis
348 1289 427 1320 opus
452 1282 488 1311 ut
512 1281 624 1312 honori
830 1283 860 1313 3.
886 1281 994 1314 Primo
1023 1280 1147 1313 confert
1170 1284 1203 1312 te
1227 1281 1350 1320 pastori

244 1327 373 1360 Serviat
395 1326 521 1367 opificis
932 1328 1028 1361 Fidei
1054 1329 1242 1369 constantia,

198 1375 383 1409 Collaudari
409 1379 451 1415 te,
482 1375 628 1416 Gregori,
886 1376 989 1408 Paulo
1015 1385 1136 1415 sensus,
1164 1377 1367 1416 praecursori

241 1423 344 1455 Decet
368 1423 472 1455 modis
496 1423 637 1462 musicis,
934 1423 1045 1455 Victus
1071 1423 1266 1464 parsimonia

191 1471 255 1503 Per
280 1479 373 1511 quem
399 1470 500 1503 servit
526 1471 684 1503 conditori
886 1470 932 1502 Et
955 1470 1072 1503 Joanni
1097 1471 1216 1503 seniori

238 1518 380 1551 Mundus
405 1518 535 1550 laudum
563 1518 706 1551 canticis.
932 1518 1052 1551 Mentis
1078 1518 1259 1551 eminentia.

132 1578 164 1609 2.
192 1576 313 1609 Christi
337 1576 409 1608 vice
432 1578 468 1607 tu
493 1575 668 1617 praelatus,
825 1577 857 1609 4.
885 1576 910 1609 Ο
935 1585 992 1608 vas
1018 1577 1098 1620 auri,
1125 1575 1275 1615 pretiosis

239 1624 304 1656 Sed
328 1623 505 1656 subsistens
533 1624 671 1665 humilis,
931 1623 1086 1656 Renitens
1110 1623 1284 1664 lapidibus,

191 1671 320 1706 Christo
345 1680 472 1712 semper
498 1680 531 1703 es
558 1674 688 1705 conatus
885 1671 981 1710 Quasi
1007 1673 1127 1704 coelum
1154 1671 1291 1704 radiosis

238 1719 381 1752 Inveniri
405 1719 530 1759 similis,
930 1719 1082 1751 Emicans
1112 1719 1283 1760 sideribus,

189 1767 237 1800 Ut
260 1776 428 1807 praeesses
451 1766 522 1799 Deo
548 1769 666 1806 gratus,
884 1766 975 1800 Affer
999 1775 1092 1807 opem
1117 1767 1264 1807 gloriosis

237 1815 360 1847 Mundo
386 1814 590 1849 venerabilis,
928 1814 1056 1847 Meritis
1083 1817 1115 1846 et
1138 1814 1299 1854 precibus.

534 1873 565 1904 5.
592 1871 666 1905 Tibi
692 1881 815 1904 summa
839 1871 883 1903 sit
906 1871 1067 1911 majestas

204 1951 291 1978 Br.ev
323 1957 376 1977 ms.
402 1947 684 1976 Vallumbrosanum
713 1956 789 1975 saec
816 1945 861 1974 15.
890 1949 930 1975 111.
979 1947 1049 1975 Cod.
1079 1946 1242 1974 Lonffinen.
1271 1948 1361 1975 Burn.
1388 1944 1454 1975 333.

126 1990 161 2018 Α,
182 2004 221 2010 ή-
239 1989 327 2017 Brev.
355 1996 409 2015 ms.
430 1986 459 2014 S.
481 1986 578 2015 Salvii
596 1986 761 2014 Florentini
791 1994 867 2013 saec.
890 1984 933 2013 15.
975 1985 1044 2014 Ood.
1066 1985 1251 2014 Riccardian.
1277 1983 1342 2014 372.
1362 1987 1396 2014 Β.
1420 2000 1453 2005 -

125 2026 523 2056 Brev.ms.S.'r1-initatis
549 2026 582 2053 in
601 2025 726 2061 Alpibus
756 2025 827 2053 anni
849 2021 931 2052 1455.
973 2023 1042 2052 Cod.
1063 2025 1257 2053 Laurentian.
1280 2024 1370 2052 Conv.
1391 2032 1456 2059 sup.

126 2064 192 2095 512.
222 2066 252 2094 Ο.
283 2080 322 2085 -—
351 2065 437 2093 Brev.
465 2063 707 2092 Praedicatorum
736 2064 807 2100 imp.
834 2063 967 2091 Venetiis
997 2061 1080 2092 1514.
1112 2063 1149 2091 D.
1175 2077 1213 2082 —
1239 2060 1273 2098 3,
1303 2060 1320 2091 3
1353 2072 1456 2091 sensus

125 2105 200 2134 fehlt
221 2105 256 2133 A.

561 2215 622 2248 318.
660 2215 701 2248 De
721 2215 830 2247 sancto
852 2214 1014 2255 Gregorio.

441 2299 472 2332 1.
499 2298 617 2339 Fulget
640 2297 674 2329 in
700 2296 797 2329 coelis
824 2295 959 2328 celebris
985 2296 1148 2335 sacerdos

501 2345 604 2378 Stella
635 2344 801 2377 doctorum
826 2344 939 2375 rutilat
961 2344 996 2375 in
1021 2344 1128 2386 astris,

502 2393 598 2425 Fidei
622 2401 730 2425 sacros
755 2391 865 2424 radios
890 2400 950 2432 per
975 2392 1063 2424 orbis

546 2441 685 2474 Climata
710 2447 877 2480 spargens.
