1653 2637
744 109 957 143 „5-

190 203 355 240 Worten:
398 204 545 250 „Incipit
570 204 719 240 officium
744 204 968 241 beatissimae
992 203 1185 247 Trinitatis,
1217 204 1445 249 compositum
1471 207 1507 240 et

193 262 390 297 ordinatum
425 273 446 298 a
477 262 669 298 reverendo
705 262 844 298 domino
880 264 917 297 et
946 264 1048 306 patre
1071 263 1191 297 nostro
1217 260 1239 297 J
1248 261 1424 297 ohanne
1456 263 1506 298 de

190 319 428 362 Piscinam,
461 319 592 355 ordinis
615 319 764 355 fratrum
788 319 983 362 minorum,
1016 319 1131 354 bonae
1154 319 1363 361 memoriae,
1398 319 1506 355 arohi-

190 377 353 422 episcopo
381 375 636 413 Oantuariense
661 376 704 422 (¹.)
729 379 767 412 et
789 376 898 412 nobili
920 376 1087 421 magistro
1112 377 1149 411 in
1174 385 1274 411 saera
1295 375 1501 421 theologia.“

285 433 424 470 Ebenso
451 434 536 470 God.
564 433 771 470 Gasanaten.
798 434 826 469 B
853 433 903 470 VI
927 433 971 467 20
998 431 1121 477 (254),
1156 434 1213 468 ein
1236 432 1503 470 Franziskaner-

188 491 326 527 brevier
351 501 440 527 saec.
469 491 590 534 1314,
623 493 660 527 in
695 491 774 526 dem
804 491 877 527 dies
904 489 1066 526 Offioium
1090 491 1348 535 nachgetragen
1371 490 1418 525 ist
1440 492 1503 526 mit

190 549 253 584 der
277 548 519 589 Bemerkung:
558 547 705 593 „Incipit
730 546 879 584 officium
906 548 1128 584 beatissimae
1153 547 1345 589 Trinitatis,
1373 548 1504 583 editum

190 616 210 640 a
236 606 374 641 domino
408 605 516 641 fratre
546 605 753 641 Johanne
788 607 839 640 de
868 604 1107 648 Pioniano,
1144 605 1188 640 de
1213 605 1334 641 ordine
1358 604 1504 641 fratrum

190 663 372 705 minorum,
384 663 639 707 archiepiscopo
652 661 893 698 Cantuariensi
909 673 950 698 ae
962 671 1082 698 sacrae
1095 663 1292 706 theologiae
1302 662 1499 707 magistro.“

286 720 426 756 Ebenso
455 719 539 756 Cod.
565 719 594 755 B
631 720 677 755 54
710 720 771 755 der
795 719 1149 764 Kapitelsbibliothek
1182 730 1251 755 von
1274 719 1414 763 Padua,
1449 721 1504 756 ein

190 777 583 813 Franziskanerbrevier
620 787 709 812 saec.
751 777 875 813 13214:
922 776 1068 822 „Incipit
1101 775 1252 812 officium
1284 778 1504 813 beatissimae

189 834 365 877 trinitatis,
403 835 533 870 editum
561 845 583 869 a
606 833 716 870 fratre
739 835 782 870 N.
811 835 862 870 de
884 834 1080 880 Peoano7
1115 835 1245 870 ordinis
1269 833 1416 870 fratrum
1442 835 1504 869 mia

190 891 344 927 norum.“

293 948 360 983 Die
384 947 529 990 Amabe
553 947 663 983 findet
687 948 757 984 sich
783 949 870 984 noch
897 949 933 983 in
959 949 1037 984 dem
1057 948 1274 984 Breviarium
1300 949 1504 992 Romanum,

197 1005 338 1041 Parisiis
364 1004 456 1039 1509
482 1005 552 1040 und
580 1004 690 1040 1519:
722 1004 841 1050 „Quod
869 1007 1009 1051 quidem
1027 1005 1175 1041 officium
1196 1015 1270 1041 cum
1289 1007 1372 1052 ipsis
1387 1006 1505 1042 lectio-

198 1062 300 1098 nibus
335 1063 528 1106 composuit
559 1062 772 1098 reverendus
797 1064 980 1105 magister,
1016 1063 1175 1098 dominus
1200 1062 1430 1099 [Iohannes
1454 1064 1506 1099 de

191 1119 216 1153 P
228 1129 246 1153 e
258 1119 305 1154 ck
318 1129 430 1160 amo,
456 1118 640 1164 Angiieus3
668 1121 758 1164 quod
786 1123 822 1155 et
836 1120 997 1156 Romana
1014 1121 1159 1155 eeclesia
1173 1123 1318 1166 propter
1336 1121 1504 1157 excellen-

190 1176 275 1210 tiam
301 1177 510 1211 cantandum
537 1177 696 1212 omnibus
718 1177 894 1212 tradidit.“
937 1176 1159 1220 Demgemass
1182 1178 1230 1213 ist
1249 1176 1418 1213 Peceham
1443 1178 1503 1213 be-

190 1232 324 1268 stimmt
349 1233 437 1269 auch
454 1232 634 1269 Verfasser
653 1234 714 1269 der
732 1233 913 1279 Hymnen:
945 1233 987 1269 In
1004 1234 1197 1279 majestatis
1212 1235 1300 1271 solio
1318 1234 1459 1279 (Daniel
1474 1236 1502 1279 1,

190 1289 287 1335 276),
316 1289 344 1325 O
371 1291 430 1326 lux
454 1292 560 1326 beata
580 1291 719 1326 trinitas
736 1289 878 1334 (Daniel
894 1290 918 1327 1.
937 1290 982 1335 o.)
1003 1292 1076 1327 und
1091 1290 1186 1327 Festi
1204 1292 1328 1328 laudes
1344 1293 1502 1328 hodierni

190 1347 305 1383 (Anal.
330 1346 390 1389 IV,
417 1347 505 1392 14).,

283 1431 429 1473 Wien,
455 1433 523 1467 den
549 1433 604 1468 20,
629 1431 718 1468 Nov.
745 1432 849 1468 1895.

867 1527 1027 1574 Guido
1058 1528 1215 1575 Maria
1243 1531 1441 1578 BreveS.
