1653 2637
653 108 911 146 *153-

130 208 161 243 3.
183 208 271 241 Hinc
295 217 383 241 amor
409 210 440 239 et
466 207 592 240 devotio
814 208 845 242 5.
869 207 943 239 Hoc
968 215 1098 239 cernens
1123 209 1200 238 tunc
1225 206 1392 247 episeopus

189 256 373 290 Fervebant
397 264 468 288 cum
493 255 659 296 colloquio,
871 254 1033 294 Urbanus,
1059 253 1110 286 vir
1135 255 1307 295 angelicus,

187 303 274 336 Hinc
300 304 412 336 diebus
435 311 474 336 ac
497 303 645 335 noctibus
872 301 1055 334 Resolvitur
1079 303 1112 333 in
1137 301 1276 333 lacrimis

190 351 297 383 Sacris
322 350 461 382 intendit
485 349 651 383 fructibus.
871 349 921 381 De
946 348 1054 381 fructu
1077 352 1186 381 tantae
1210 349 1352 389 virginis.

131 410 163 442 4.
188 407 271 440 Nam
298 408 376 439 duos
402 405 520 439 fratres
545 407 668 439 nobiles
815 408 846 441 6.
872 406 1009 439 Domine
1033 406 1121 446 Jesu‚
1148 406 1277 446 suscipe

189 454 307 488 Effecit
333 453 450 486 Christi
475 457 644 495 martyres,
872 453 923 485 De
947 452 1093 485 manibus
1118 452 1277 487 Caeciliae

191 504 275 542 Quos
300 509 360 542 per
385 502 453 541 ejus
478 502 646 541 vestigium
871 501 1011 533 Fructus
1037 500 1118 532 casti
1143 501 1268 533 consilii

188 549 347 582 Hortatur
376 549 419 581 ati
441 548 642 589 martyrium.
875 549 966 581 Sicut
986 548 1117 581 odorem
1142 548 1288 581 balsami.

528 606 560 640 7.
585 606 611 638 O
636 605 731 638 beata
757 605 908 646 Caecilia,

586 652 712 685 Devota
736 653 858 686 Christi
881 651 1012 692 famula,

585 700 649 732 Per
673 703 729 732 tua
752 710 846 733 saera
868 700 985 732 merita

588 746 655 780 Nos
681 747 750 780 Deo
772 747 954 780 reconcilia.

207 815 288 843 Orat.
313 821 366 840 ms.
388 812 503 840 Veteris
523 812 698 841 Monasterii
722 812 756 849 (P)
776 821 853 841 saec.
876 810 920 840 15.
941 821 985 840 εκ.
1021 811 1090 840 Cod.
1111 812 1243 847 Maguut.
1264 813 1296 840 Π
1315 811 1379 841 209.
1403 829 1440 833 —

130 853 176 881 Ist
195 853 238 881 als
253 852 389 887 Hymnus
408 850 594 886 bezeichnet3
615 852 769 880 Verfasser
784 850 939 879 desselben
958 852 999 878 ist
1010 850 1165 878 Thomas
1185 858 1254 877 von
1266 851 1395 888 Kempt
1406 861 1439 887 n,

131 892 163 918 iu
182 891 289 919 (Iessea
306 889 439 918 Werken
458 897 490 916 er
509 889 574 917 sich
591 888 691 917 findet.

570 980 636 1013 258.
665 980 709 1012 De
728 982 836 1013 saneta
855 979 998 1013 caecilia.

134 1053 165 1087 1.
190 1052 263 1084 Huc
288 1050 403 1090 venite,
428 1049 550 1091 populi,
815 1052 847 1083 4.
873 1050 958 1082 Huic
981 1058 1113 1090 regnum
1138 1051 1199 1082 hoc
1222 1052 1358 1091 aperuit,

193 1099 353 1143 Undique,
378 1098 456 1129 laeti
874 1097 964 1136 Quod
986 1097 1057 1130 Eva
1080 1100 1183 1129 mater
1205 1097 1359 1138 perdidit,

195 1146 400 1179 Celebrantes
426 1145 529 1177 almae
873 1144 924 1176 De
951 1143 1102 1185 paradiso
1127 1145 1266 1186 veniens,

191 1194 292 1226 Festa
315 1192 483 1231 Caeciliae,
873 1192 1031 1224 Rosarum
1050 1190 1147 1224 flores
1174 1190 1333 1234 deferens,

192 1241 281 1280 Quae
306 1243 356 1272 est
378 1240 554 1281 margarita
875 1240 930 1272 Ad
953 1248 1104 1279 sponsum
1127 1248 1198 1272 eam
1219 1240 1369 1282 invitans,

192 1289 357 1328 virginum
386 1287 563 1327 praeclara.
875 1287 935 1326 Qui
959 1287 1062 1319 coelos
1088 1288 1172 1327 regit
1194 1288 1365 1328 imperans.

133 1348 165 1379 2.
190 1346 316 1378 Discite
340 1344 518 1385 parthenae
817 1345 848 1376 5.
875 1344 971 1377 Illum
997 1353 1053 1375 vos
1078 1347 1192 1386 amate,

192 1393 354 1432 Exempla
378 1391 607 1433 sanctissimae,
877 1391 1025 1430 Virgines
1052 1391 1195 1431 devotae,

193 1441 280 1480 Quae
300 1448 430 1472 saevum
454 1440 578 1471 leonem
876 1437 1056 1478 Lampades
1081 1439 1234 1479 ornando,

191 1491 318 1529 Agnum
347 1485 425 1519 fecit
450 1486 569 1527 mitem,
875 1485 1065 1518 Thalamum
1092 1486 1254 1526 intrando,

191 1535 293 1568 Simul
317 1543 389 1566 oum
413 1532 516 1566 fratre
874 1532 953 1565 Cum
978 1532 1116 1574 Christo,
1144 1534 1205 1566 Dei
1226 1532 1303 1574 filio,

189 1584 349 1623 Angelum
373 1581 495 1616 videre.
875 1580 935 1619 Qui
961 1580 1044 1613 celso
1069 1581 1160 1614 sedet
1185 1582 1276 1615 solio.

131 1642 165 1675 3.
190 1639 364 1680 Imperium
388 1641 549 1670 terrenum
816 1639 847 1672 6.
875 1636 986 1670 Gloria
1014 1638 1100 1678 patri

193 1685 392 1727 Contempsit
414 1685 505 1726 quasi
527 1684 639 1726 lutum,
876 1686 1157 1726 sempiternaeque
1172 1686 1268 1727 proli,

192 1735 387 1768 Ornamenta
412 1733 532 1765 saeculi
876 1732 992 1765 Sancto
1018 1732 1155 1777 spiritui,

193 1781 400 1822 Comparavit
427 1780 571 1813 stercori.
877 1779 1053 1813 Amborum
1077 1781 1184 1822 nexui,

191 1831 377 1869 Principem
402 1837 510 1860 eorum
876 1827 937 1861 Cui
960 1828 1090 1860 laudem
1116 1828 1226 1861 demus

193 1878 288 1911 Velut
312 1878 409 1910 vilem
434 1874 564 1909 fumum.
877 1874 945 1907 Nos
970 1885 1029 1916 per
1053 1885 1145 1908 omne
1168 1880 1305 1918 tempus,

208 1943 329 1979 Antiph.
349 1951 404 1970 ms.
420 1940 591 1969 cistercien.
610 1941 768 1969 Neerlantl.
787 1949 865 1970 saec.
886 1938 931 1969 14.
961 1941 1033 1970 Ood.
1052 1941 1210 1970 Pianoren.
1230 1943 1262 1971 M
1283 1941 1308 1971 1.
1327 1957 1365 1962 —-
1378 1944 1446 1972 Von

131 1982 188 2011 den
208 1980 245 2011 36
267 1982 382 2010 Versen
401 1980 468 2008 sind
491 1977 527 2008 18
547 1979 735 2016 seohssilbig‚
756 1978 775 2008 8
796 1979 963 2017 achtsssffig,
984 1979 1001 2007 7
1021 1981 1223 2017 siebensilbig,
1244 1978 1262 2009 3
1282 1982 1444 2018 ffinfsilbig.

560 2072 629 2105 259.
659 2072 704 2105 De
724 2072 832 2105 sancto
855 2072 1010 2105 cassiano.

308 2137 338 2170 1.
363 2134 468 2177 Saepe
493 2135 613 2168 Christi
637 2134 735 2167 fidem
760 2134 903 2176 quatiens
928 2137 1102 2175 tempestas
1123 2143 1220 2169 saeva

410 2183 582 2217 Premebat
605 2182 733 2223 plebem
756 2182 958 2216 Christianae
982 2182 1114 2223 gloriae.

304 2242 338 2276 2.
364 2241 412 2274 Ut
436 2242 596 2282 quondam
621 2239 739 2273 afflixit
762 2242 890 2273 sanctos
915 2241 1086 2280 plerosque
1109 2240 1260 2280 ponenda

409 2290 464 2323 Sic
489 2289 676 2323 Cassianum
700 2287 880 2330 persecutio
905 2289 1034 2328 premit.

305 2349 338 2383 3.
363 2347 556 2381 Extrahitur
581 2350 674 2380 coetu
697 2355 716 2379 e
738 2345 844 2378 medio
869 2346 1052 2378 moderator
1076 2345 1197 2378 alumni

410 2395 534 2438 Gregis‚
562 2395 646 2436 quod
672 2395 737 2427 aris
762 2393 947 2434 supplicare
971 2397 1148 2435 spreverat.
