1653 2637
734 142 895 179 —251
951 164 996 169 —

203 236 236 269 5.
264 235 404 280 Odmda,
438 247 508 269 cum
532 238 708 278 virginibus
894 243 924 275 6.
957 241 1016 283 Sit,
1045 241 1182 284 Christe,
1208 252 1265 274 rex
1290 244 1441 285 piissime,

261 283 383 316 Dilecti
409 285 521 317 fruens
547 286 683 328 gaudfis,
956 290 1031 322 Tibi
1055 291 1204 330 patrique
1228 291 1331 331 gloria

259 331 310 363 Sis
336 341 457 365 memor
481 335 594 370 nostri,
620 336 768 378 petimus,
953 338 1031 370 Gum
1053 339 1170 379 spiritu
1194 340 1350 378 paraclito

262 381 339 413 Cum
364 381 410 412 tui
436 381 546 421 sponsi
573 382 706 418 civibus
952 386 991 418 In
1016 387 1211 426 sempiterna
1235 388 1373 422 saecula.

277 445 370 472 Psalt.
391 454 446 474 ms.
467 447 644 476 Alemnense
664 457 740 476 saec.
764 447 808 476 15.
849 450 920 478 Ood.
941 450 971 478 S.
992 451 1073 478 Petri
1094 452 1291 479 Boseoducen.
1313 461 1334 480 s.
1356 462 1384 480 n.

658 598 728 629 444.
757 598 802 629 De
821 601 932 631 sancta
954 598 1083 631 Odrada.

735 675 771 704 In
790 674 818 703 2.
838 674 990 713 Vesperis.

493 752 524 784 1.
552 752 679 792 Organa
708 754 814 785 cordis
838 755 990 786 solvimus
1015 756 1097 787 votis

552 800 667 832 Preces
693 810 858 833 servorum
882 811 957 834 arce
980 802 1135 846 polorum,

550 847 687 888 Christe,
713 851 874 889 precatur,
900 850 1026 889 susc-ipe
1050 851 1113 890 pie,

599 896 697 936 Virgo
724 896 864 930 Odrada.

493 973 525 1005 2.
551 971 654 1004 Dator
679 972 803 1012 salutis,
832 972 915 1005 dona
939 973 1074 1005 salutem

552 1019 705 1051 Omnibus
727 1019 829 1062 nobis,
856 1021 971 1051 merita
995 1023 1107 1052 sanct-a

550 1066 721 1098 Psallimus
749 1067 846 1107 digna
868 1067 1016 1099 laudibus
1041 1069 1106 1099 tuis

599 1114 740 1154 Virginis
766 1114 926 1147 Odradae.

492 1190 523 1222 3.
550 1189 665 1222 Redde
689 1190 817 1221 beatam
842 1189 931 1222 fonte
954 1192 1096 1222 renatam

549 1236 698 1269 Animam
722 1240 865 1269 nostram
888 1237 1021 1269 maculis
1046 1238 1206 1281 mundam,

549 1284 636 1317 Coeli
660 1284 802 1324 jucunda
827 1285 922 1323 petiit
944 1284 1011 1323 illa,

595 1330 697 1364 Gedas
723 1331 884 1364 Odradae.

490 1411 522 1441 4.
548 1409 642 1447 Auge
668 1408 814 1439 devotam
839 1408 951 1447 populi
978 1410 1148 1447 catervam,

551 1454 601 1486 Ne
625 1456 712 1487 saevi
737 1455 837 1486 hostis
862 1458 936 1487 ruat
956 1455 1014 1487 sub
1041 1456 1123 1495 telis,

551 1502 688 1545 Christe,
715 1502 857 1543 subleva,
892 1511 950 1534 nos
975 1504 1063 1534 tuam
1087 1512 1236 1542 sponsam

599 1548 738 1582 Colimus
764 1550 937 1584 Odradam.

489 1629 520 1660 5.
546 1626 597 1658 Da
629 1626 722 1659 nobis
747 1632 891 1658 sanctam
914 1627 1032 1659 ducere
1056 1628 1153 1659 vitam

547 1675 632 1707 Pace
655 1674 839 1717 tranquilla,
866 1684 908 1706 ne
932 1683 989 1706 nos
1014 1675 1158 1714 procella

544 1721 674 1762 Mergat
696 1722 731 1753 in
756 1721 835 1753 hora
857 1722 981 1762 mortis,
1009 1730 1115 1762 exora,

595 1769 695 1809 Virgo
725 1769 866 1801 Odrada.

490 1848 521 1879 6.
549 1845 666 1885 Angeli
689 1847 811 1876 su'mmo
836 1844 972 1877 laudant
991 1845 1025 1876 in
1051 1847 1138 1878 coelo

545 1893 678 1925 Trinum
704 1896 736 1924 et
759 1901 856 1924 unum
880 1901 965 1924 nunc
990 1895 1022 1924 et
1045 1893 1080 1925 in
1103 1902 1228 1933 aevum,

545 1940 642 1980 Cujus
668 1941 824 1981 adspectu
850 1943 956 1973 coetus
981 1944 1163 1974 sanctorum

594 1988 666 2021 Stat
692 1998 762 2020 cum
787 1988 929 2021 Odrada.

270 2077 364 2106 Psalt.
384 2086 438 2105 ms.
459 2077 636 2105 Alemnense
656 2084 733 2103 saec.
757 2073 802 2102 15.
844 2074 912 2102 God.
934 2073 963 2101 S.
984 2075 1065 2102 Petri
1086 2075 1283 2103 Boseoducen.
1304 2084 1329 2104 s¹
1348 2084 1377 2103 n.

659 2208 730 2240 445.
754 2207 797 2239 De
818 2208 925 2240 saneto
948 2207 1051 2238 Olavo.

195 2292 228 2325 1.
254 2290 360 2322 Adest
386 2290 454 2322 dies
478 2287 632 2329 laetitiae,
886 2289 918 2320 2.
943 2287 1072 2326 Martyr
1095 2286 1229 2327 insignis
1253 2286 1352 2319 hodie

252 2336 374 2368 Laudis
400 2339 492 2371 adest
514 2337 659 2378 materia,
944 2334 1076 2366 Palmae
1100 2333 1207 2366 ferens
1231 2334 1369 2375 insignia

252 2384 402 2417 Resultet
422 2394 485 2417 vox
511 2384 676 2427 ecclesiae,
943 2381 1097 2414 Feliciter
1123 2391 1162 2414 ex
1187 2382 1257 2414 acie

250 2432 363 2465 Pulset
389 2431 517 2473 hymnis
543 2431 705 2465 eoelestia.
941 2429 1123 2462 Traductus
1146 2430 1181 2461 in
1203 2430 1336 2470 palatia.
