1653 2637
723 151 986 188 2-198-

206 250 238 282 3.
262 248 307 281 Ut
332 247 523 280 Lambertus
547 249 787 289 transmigravit:
894 250 925 281 5.
953 249 978 281 Ο
1001 247 1156 288 Huberte‚
1182 247 1361 279 ubertatem

309 295 359 327 De
384 296 489 326 carnis
515 296 684 336 ergastulo,
998 294 1123 327 Momm
1149 295 1241 326 nobis
1266 294 1381 336 tribue,

261 342 358 374 Illum
387 351 474 382 papa
500 343 663 375 decoravit
951 342 1155 381 Corporalem
1179 341 1346 373 sanitatem

311 390 470 421 Pastorali
496 389 609 421 baculo
997 387 1136 420 Infirmis
1161 389 1303 428 restitue,

264 436 309 468 Et
335 435 485 468 defuncto
511 437 695 475 subrogavit
952 436 1053 468 Orans
1078 444 1230 466 summam
1255 435 1453 474 majestatem

310 483 429 515 Divino
454 483 619 515 miraculo.
999 484 1061 515 Pro
1086 482 1177 514 nobis
1203 482 1359 516 continue.

205 560 236 591 4.
265 560 380 593 Curam
407 559 492 590 rexit,
516 559 654 590 feliciter
894 558 925 590 6.
951 558 1018 590 Deo
1044 559 1130 597 patri
1154 559 1197 590 sit
1219 561 1370 603 potestas,

310 607 504 647 Tungrensis
532 606 697 646 ecclesiae,
999 605 1083 639 Filio
1109 606 1290 646 prudentia,

265 654 401 687 Gestans
426 655 459 686 in
484 664 580 686 manu
602 654 721 694 jugiter
953 653 1139 693 Coaequalis
1164 654 1206 685 sit
1231 654 1391 694 maiestas,

311 702 470 735 stateram
492 701 646 742 justit-iae,
999 701 1172 744 Paraclito,
1199 701 1302 742 gratia

263 749 439 782 Effundens
466 750 587 781 cunctis
612 749 745 789 largiter
951 749 1011 787 Qui
1037 747 1196 781 confortat
1218 751 1340 781 mentes
1365 754 1502 782 maestas

311 798 421 830 Oleum
448 797 642 829 clementiae.
997 797 1133 828 Perenni
1157 797 1290 830 laetitia.

279 883 363 909 ΒΓΕ-ν.
385 890 438 908 ms.
459 882 630 917 Tungrense
649 889 725 908 saec.
751 879 794 908 15.
832 879 900 907 cod.
921 880 1029 908 Semin.
1045 881 1181 908 Leodien.
1203 879 1219 908 6
1232 881 1264 909 M
1284 879 1310 908 2.
1328 883 1361 909 A.
1380 898 1417 901 —
1433 884 1515 911 Brev.

202 920 367 948 Leodiense
387 920 456 954 imp.
476 920 605 947 Lovanii
628 916 708 946 1498.
730 920 762 947 Β.
783 932 820 938 -
843 916 867 951 1,
888 917 905 945 5
927 927 992 946 cum
1012 919 1100 954 <ligne
1119 919 1152 946 A.

624 1067 688 1098 337.
721 1068 764 1099 Dc
785 1077 808 1100 s.
830 1067 943 1099 Jacobo
964 1069 1089 1109 Majore.

745 1146 794 1175 Ad
815 1145 970 1183 Vesperas.

204 1224 234 1257 1.
263 1220 377 1257 Grates
405 1224 514 1255 demus
540 1227 572 1255 et
597 1226 757 1255 cantemus
902 1227 932 1258 6.
958 1223 1075 1259 Laetus
1100 1226 1193 1257 istum
1220 1227 1294 1267 quia
1320 1227 1479 1261 Christum

310 1270 387 1303 Cum
413 1271 555 1303 cordium
580 1271 721 1310 tripudio
1005 1271 1183 1305 Fatebatur
1208 1274 1401 1319 crucifixum,

261 1318 345 1349 Nato
369 1317 442 1358 Dei,
468 1318 606 1350 Zebedei
958 1320 1190 1360 Resurgentem
1215 1325 1248 1353 et,
1271 1324 1490 1362 scandentem,

310 1366 551 1405 Congratulanti
575 1364 652 1399 filio.
1005 1369 1219 1401 Ascendendo
1246 1370 1367 1402 coelum
1392 1370 1500 1411 fixum,

206 1442 236 1474 2.
264 1438 327 1474 Hic
349 1441 503 1483 implevit,
531 1444 565 1472 ut
592 1441 735 1474 decrevit
900 1444 931 1476 7.
958 1440 1020 1477 Est
1046 1444 1213 1484 despectus
1240 1449 1272 1478 et
1297 1447 1426 1488 ejectus,

310 1489 469 1520 Immensa
493 1488 660 1529 sapientia,
1005 1492 1200 1533 Decollatus‚
1226 1493 1425 1536 interfectus,

261 1535 373 1568 Semen
399 1535 504 1568 David
532 1536 761 1568 demonstravit
957 1538 1515 1582 Fidefervens,n1uudumspernenS,

308 1582 433 1615 Deifica
458 1584 600 1616 scientia.
1006 1586 1092 1626 Ergo
1118 1591 1240 1629 martyr
1263 1592 1311 1620 est
1335 1589 1474 1623 effectus.

202 1661 233 1692 3.
260 1656 372 1692 Jesum
401 1660 519 1699 datum,
545 1659 636 1691 nobis
661 1662 769 1691 nutum
900 1663 930 1695 8.
957 1659 1149 1696 Reformare
1178 1673 1262 1697 nunc
1288 1665 1420 1705 dignare

309 1707 384 1739 Sine
413 1707 498 1738 virili
525 1707 644 1739 semine
1005 1709 1072 1742 Nos
1097 1716 1282 1750 peccatores
1307 1711 1453 1755 firmiter,

258 1754 309 1786 De
332 1754 448 1795 Maria,
474 1758 577 1787 matre
601 1755 665 1795 pia,
957 1757 1056 1791 Serve
1079 1758 1152 1802 Dei,
1178 1760 1263 1800 quod
1289 1760 1323 1792 in
1346 1761 1410 1793 Dei

308 1802 446 1843 Spiritus
471 1803 574 1835 sancti
599 1812 736 1836 numine.
1005 1805 1159 1838 Sistamus
1185 1817 1243 1848 spe
1267 1810 1461 1847 perenniter.

201 1880 232 1911 4.
261 1875 509 1922 scripturarum,
540 1879 779 1920 prophetarum,
900 1883 930 1915 9.
958 1879 1004 1915 Ur,
1029 1881 1147 1915 deflere
1171 1885 1257 1917 mala
1281 1894 1357 1917 vere

308 1927 427 1967 Pagina
454 1925 595 1959 firmavit
618 1926 732 1969 Deum,
994 1930 1161 1962 Valeamus
1183 1933 1312 1975 jugiter,

262 1974 354 2013 Quod
377 1974 493 2006 Judaei
517 1974 679 2014 pharisaei
958 1977 1034 2009 Jesu
1061 1977 1198 2020 Christe,
1223 1983 1352 2012 sanctus
1376 1982 1438 2013 iste

308 2021 404 2053 Falso
431 2021 567 2053 clamant
592 2022 703 2053 mortis
729 2031 827 2054 reum.
1007 2025 1181 2058 conservet
1204 2036 1261 2059 nos
1286 2026 1437 2060 fideliter.

204 2099 234 2130 5.
261 2094 476 2136 Exclamavit,
501 2097 657 2129 indicavit
888 2099 942 2132 10.
958 2097 1068 2133 Salvet
1084 2110 1220 2142 gregem,
1240 2111 1332 2143 quem
1349 2105 1391 2136 ad
1408 2114 1515 2146 regem

306 2144 378 2183 Ore,
406 2145 503 2176 corde
526 2149 558 2176 et
585 2153 682 2183 opere
1004 2148 1173 2189 Perducat,
1201 2150 1243 2182 ad
1269 2151 1430 2193 coelestia,

257 2191 490 2230 Praedicando,
517 2191 713 2232 seminando,
957 2194 1017 2232 Qui
1042 2198 1090 2226 est
1114 2197 1217 2229 trinus
1241 2196 1329 2230 Deus
1351 2209 1432 2232 unus

308 2238 458 2271 Divinum
484 2239 616 2270 verbum
641 2248 805 2279 prospere.
1004 2242 1066 2274 Per
1088 2242 1213 2276 infinita
1235 2246 1361 2285 gaudia.

276 2322 345 2350 Cod.
371 2322 506 2350 Beverin.
537 2322 601 2351 672.
623 2332 698 2352 saec.
727 2323 770 2353 15.
797 2341 836 2346 —-—
862 2325 1013 2362 „Explicit
1041 2327 1166 2356 historia
1196 2330 1232 2358 de
1262 2334 1363 2360 sancto
1389 2333 1513 2370 Jacobo,

202 2361 281 2389 edita
304 2360 457 2388 Hildesem
484 2370 559 2389 anno
587 2359 707 2390 Domini
732 2363 905 2392 MCGCOV1
929 2365 966 2392 ad
991 2365 1096 2393 festum
1123 2367 1203 2395 beati
1221 2370 1330 2398 Jacobi
1352 2372 1473 2407 majoris
1497 2382 1516 2401 a

200 2400 341 2435 quodam,
368 2407 494 2445 nornen
521 2400 625 2435 cujus
645 2404 826 2446 monstrat
844 2401 995 2446 bymnus
1020 2405 1254 2440 vesperalisf‘
1289 2408 1357 2445 Vgl.
1377 2411 1514 2446 Liintzel,

200 2438 305 2466 Gesch.
328 2437 354 2465 d.
374 2437 502 2466 Dionese
519 2439 581 2466 und
600 2437 687 2465 Stadt
703 2439 890 2467 Hildeshezm
909 2441 948 2475 Π,
969 2439 1034 2470 375.
