1653 2637
698 96 962 137 *217—

579 211 643 245 376.
673 213 717 246 De
739 215 850 247 sancta
869 214 1061 248 Katharina.

699 293 746 323 Ad
766 293 959 325 Nocturnum.

162 358 193 391 1.
221 358 344 399 Gaude,
371 361 518 394 coelestis
545 363 643 402 curia,
856 366 887 397 3.
914 364 999 397 Hinc
1025 366 1212 398 decollatam
1240 368 1344 408 angeli

221 406 343 439 Nostra
368 409 504 440 resultet
527 410 644 452 patria,
914 413 952 445 In
977 417 1083 445 monte
1108 416 1249 446 condunt
1273 416 1371 455 Sinai,

222 454 306 486 Dum
330 459 538 489 recensentur
561 467 669 490 annua
912 460 962 492 De
988 461 1076 500 cujus
1101 463 1253 494 membris
1279 463 1341 495 olei

221 502 423 536 Katharinae
447 504 612 540 solemnia.
911 508 1073 540 Perennes
1098 513 1230 542 manant
1253 511 1358 543 rivuli.

162 560 194 591 2.
222 560 308 599 Quae
333 564 442 600 spreto
467 562 579 594 mundi
604 563 719 604 gaudio
851 566 884 598 4.
912 565 936 598 Ο
962 565 1058 597 decus
1083 566 1269 606 pudicitiae,

221 607 403 647 Torquetur
429 618 448 640 a
471 609 648 653 Maxentio,
909 612 977 644 Nos
1003 613 1072 645 oleo
1096 614 1239 646 laetitiae

220 654 331 697 Fame,
357 656 421 699 siti,
449 657 642 698 carceribus,
910 660 980 692 Tua
1004 664 1174 700 perunctos
1199 663 1303 702 gratia

219 702 322 746 Rotis,
349 701 468 744 flagris,
496 705 693 737 verberibus
908 707 1064 740 Transfer
1089 709 1131 741 acl
1160 710 1239 741 coeli
1264 709 1389 750 gaudia.

553 764 583 794 5.
609 763 697 802 JeSU,
723 762 858 804 benigne
882 763 1028 804 Domine,

607 809 713 849 Hujus
738 810 791 850 pio
817 811 1000 850 precamine

608 856 677 888 Fac
700 866 757 889 nos
781 858 814 889 in
839 859 942 897 patris
967 860 1068 899 gloria

608 904 679 936 Tua
700 903 765 936 frui
788 906 980 945 praesentia.

236 978 322 1005 Brev.
342 986 395 1005 ms.
418 977 594 1006 Coloniense
614 987 690 1006 saec.
712 977 756 1006 15.
797 979 867 1007 eod.
887 980 1062 1008 Namurcen.
1082 979 1129 1008 45.

578 1088 640 1121 377.
671 1089 715 1121 De
735 1091 847 1121 saneta
865 1090 1057 1122 Katharina.

720 1166 770 1196 Atl
790 1166 917 1197 Laudes.

157 1236 188 1269 1.
216 1236 241 1268 O
268 1244 362 1275 quam
387 1245 468 1276 pura
493 1236 646 1275 laudatio,
847 1238 878 1269 3.
906 1236 965 1268 His
990 1236 1104 1269 affecta
1127 1239 1322 1271 multimodis

215 1284 315 1322 Quam
342 1283 443 1315 dulcis
471 1283 651 1325 exsultatio,
905 1283 1086 1317 Katharina
1112 1285 1235 1316 deliciis

214 1330 291 1363 Cum
317 1330 404 1362 Deus
428 1331 548 1371 absque
571 1331 681 1362 nubilo
903 1331 1019 1363 Mundi
1046 1334 1236 1373 contempsit
1260 1334 1378 1374 gaudia

215 1378 328 1411 Cordis
353 1378 504 1410 laudatur
526 1377 639 1418 Jubilo.
905 1378 1075 1419 Suspirans
1100 1380 1142 1412 ad
1169 1381 1329 1416 coelestia.

155 1437 184 1469 2.
211 1435 275 1467 Hic
301 1435 413 1467 dulcor
439 1437 472 1466 et
495 1435 524 1466 si
549 1433 659 1474 afficit,
842 1436 876 1470 4.
903 1436 1015 1469 Carnis
1040 1437 1144 1468 soluta
1167 1438 1301 1470 nexibus

210 1482 354 1515 Mentem
387 1483 492 1523 replet
517 1485 549 1514 et
573 1481 687 1523 reficit,
903 1482 1017 1522 Sponsi
1043 1484 1091 1515 sui
1116 1485 1315 1524 amplexibus

210 1530 383 1563 Praecellit
406 1530 534 1571 quidem
558 1531 663 1562 omnia
904 1529 1054 1562 &audens
1079 1531 1140 1563 hac
1167 1532 1218 1564 die
1240 1532 1395 1576 jungitur,

210 1578 337 1611 Terena
364 1578 534 1612 desideria.
902 1578 969 1616 Quo
995 1578 1064 1610 sine
1088 1578 1152 1610 fine
1176 1578 1304 1612 fruitur.

553 1635 584 1667 5.
611 1634 698 1679 Jesu,
724 1635 863 1676 benigne
885 1636 1034 1669 Domine.

225 1712 309 1739 BreV.
337 1719 389 1738 ms.
416 1710 595 1739 Coloniense
621 1718 697 1738 saec.
724 1709 767 1738 15.
809 1710 879 1738 Cod.
904 1711 1080 1739 Namurcen.
1107 1709 1154 1738 45.
1181 1713 1216 1739 A.
1241 1727 1280 1732 —-
1306 1714 1390 1742 Brev.
1416 1724 1469 1743 ms.

148 1748 325 1778 Coloniense
345 1757 422 1777 saec.
445 1747 489 1777 15.
531 1748 600 1777 Cod.
622 1749 790 1777 Bruxellen.
812 1746 974 1777 3023—24.
996 1750 1028 1776 B.
1057 1764 1094 1769 ——
1114 1750 1161 1778 Ad
1180 1751 1364 1780 Nocturnum
1385 1754 1418 1780 in
1437 1754 1470 1781 Β.

572 1859 639 1892 378.
668 1861 710 1892 De
733 1861 845 1892 sancta
864 1859 1055 1893 Katharina.

146 1944 176 1976 1.
205 1943 343 1982 Christe,
370 1951 505 1983 sponsus
532 1942 697 1983 ecelesiae,
840 1944 871 1976 3.
898 1941 949 1973 Ne
972 1951 1030 1974 nos
1055 1941 1222 1982 permittat
1246 1943 1365 1975 saeculi

202 1991 290 2024 Fons
317 1991 408 2023 vivus
432 1991 644 2032 innocentiae,
896 1989 1001 2029 Hujus
1028 1998 1066 2023 ex
1091 1990 1174 2022 mole
1201 1991 1332 2030 conteri,

203 2039 406 2072 Katharinae
430 2047 536 2081 prece,
564 2039 735 2079 poscimus,
897 2037 961 2069 Sed
986 2046 1043 2069 nos
1070 2038 1112 2070 ad
1133 2038 1238 2071 locum
1263 2039 1428 2078 subvehat,

201 2088 269 2121 Nos
295 2091 387 2120 tuere
411 2087 579 2128 propitius.
894 2085 958 2118 Ubi
983 2086 1039 2117 lux
1064 2086 1145 2118 lucis
1166 2087 1282 2122 luceat,

142 2148 172 2180 2.
200 2147 225 2180 O
252 2155 371 2185 sponsa
398 2144 517 2178 Christi
542 2145 688 2184 provida,
837 2145 869 2177 4.
892 2143 961 2175 Deo
987 2144 1074 2183 patri
1099 2144 1142 2175 sit
1165 2144 1269 2184 gloria

202 2194 312 2227 Virilis
335 2196 442 2226 tactus
468 2192 588 2232 nescia,
780 2199 783 2205 ·
894 2191 1038 2232 Ejusque
1063 2191 1124 2224 soli
1149 2191 1225 2231 filio,

199 2243 263 2275 Pro
289 2242 381 2274 nobis
406 2249 504 2282 prece
529 2241 642 2274 sedula
899 2239 977 2272 Cum
1003 2239 1119 2279 spiritu
1142 2239 1298 2279 paraclito

199 2290 355 2329 Ragando
381 2289 543 2322 Christum
568 2287 726 2328 supplica.
894 2287 940 2319 Et
963 2296 1048 2319 nunc
1073 2291 1104 2319 et
1128 2288 1162 2320 in
1187 2291 1388 2328 perpetuum.

149 2403 178 2430 H
197 2365 335 2431 lHylniugb
353 2374 406 2393 ms.
431 2365 543 2392 Montis
570 2365 599 2393 S.
626 2364 741 2392 Mariae
764 2362 799 2398 (·?)
819 2371 896 2391 saec.
925 2360 969 2390 13.
1011 2362 1080 2391 Cod.
1102 2363 1360 2400 Guelfenbyteran.
1390 2361 1463 2391 1257

137 2405 148 2437 t
181 2412 197 2432 e
210 2412 240 2430 m
335 2405 354 2438 J-
