1653 2637
744 100 979 134 „26—

211 196 264 228 19.
280 193 345 229 Ter
366 196 493 236 negavit
517 196 640 238 Petrus,

280 243 424 276 Christus
447 246 482 274 ut
505 251 568 275 non
591 246 735 282 novetur²

277 290 324 323 Ut
347 291 408 322 hoo
432 291 669 332 adimpleretur,

277 338 367 378 Quod
390 338 438 369 illi
464 337 523 370 fuit
550 338 678 370 dietum.

209 404 263 437 20.
282 401 324 438 Ut
354 405 496 436 homines
521 405 668 437 salvaret.

276 453 317 484 Se
343 452 439 484 voluit
460 452 589 484 tradere

277 499 321 531 Et
344 500 528 539 sanguinem
551 498 645 538 fudit2

277 547 392 579 Mundi
415 549 547 586 peccata
571 547 681 578 abluit.

889 196 944 229 21.
958 192 1100 235 xristus,
1127 198 1256 228 vocatus
1280 198 1403 238 unctus,

958 243 1028 275 Rex
1053 251 1159 283 regum
1185 252 1281 283 super
1306 247 1444 281 cunctos,

958 290 1103 322 Mortuus
1130 295 1162 322 et
1185 292 1327 330 sepultus

955 337 998 369 Et
1024 346 1080 369 nos
1105 339 1241 370 redemit
1266 341 1404 372 cunctos.

887 405 941 436 22.
957 400 1053 437 Yecit
1078 413 1169 444 quem
1193 405 1364 448 praedixit,

956 452 987 483 A
1012 453 1144 484 mortuis
1168 454 1317 492 surrexit,

957 500 1009 531 Ad
1033 497 1153 531 inferos
1179 499 1354 540 descendit,

957 546 1048 585 Quod
1074 547 1225 587 condidit,
1250 548 1397 580 redemit.

545 614 602 645 23.
627 609 723 646 Zelus
747 612 847 644 bonus
873 616 903 644 et
927 621 1068 654 magnuS,

626 658 769 692 Christus
792 669 904 699 passus
930 663 965 691 ut
989 669 1087 701 agnus

625 708 771 741 Surrexit
799 707 839 739 de
863 708 1040 748 sepulchro,

624 755 722 787 Vivus
748 755 892 787 aseendit
915 764 1049 788 sursum.

281 840 349 868 Cod.
370 840 536 867 Bruxellen.
557 837 715 868 8860—67.
738 847 813 867 saec.
836 837 879 867 10.
900 840 940 867 in.
961 854 997 858 —
1010 839 1168 867 Rundreim
1183 840 1258 867 nach
1268 839 1351 875 jeder
1364 839 1504 875 Strophe:

202 879 280 906 Jam
303 877 478 906 Christus
498 879 717 906 resurrexit.
737 893 776 898 —
800 875 827 908 1,
850 876 867 904 2
888 878 958 905 Lies
981 877 1089 905 dicite?
1110 892 1147 896 —
1167 874 1194 906 3.
1215 876 1232 904 2
1251 879 1362 905 Testes.
1383 892 1420 896 —
1439 874 1465 910 3,
1487 874 1505 905 3

205 918 337 944 Christus
361 916 432 944 veni
454 917 599 944 damnare.
619 930 657 935 —-
676 914 711 950 4,
737 914 752 943 1
774 916 912 943 salvatur.
933 930 970 934 —
991 914 1024 949 4,
1054 912 1072 943 3
1091 916 1162 943 Lies·
1182 916 1290 943 tradit?
1308 930 1347 936 ——
1366 914 1396 949 4,
1423 914 1443 943 4
1461 923 1506 942 ar-

202 957 331 990 genteus.
357 969 394 974 -—
418 953 450 988 5,
481 953 496 982 1
515 954 617 982 Judas.
643 968 680 973 —u
706 952 736 987 6,
766 951 780 981 1
807 956 927 981 cunctis.
954 969 990 973 —
1018 952 1049 985 6,
1075 951 1092 981 3
1112 954 1206 990 Perge
1232 954 1277 991 ard.
1303 967 1341 972 —
1366 953 1396 986 7,
1422 952 1440 980 2
1468 962 1506 980 zu

202 993 343 1029 spreehen
363 994 494 1028 estirpes.
515 1007 553 1011 —
574 991 599 1027 6,
621 991 641 1020 4
653 992 695 1019 Zu
716 992 858 1028 ergfinzen
878 992 942 1020 dem
957 992 1048 1019 Sim-ie
1067 992 1141 1019 nach
1157 992 1201 1019 ad.
1236 992 1316 1019 Uber
1329 991 1382 1018 das
1395 990 1503 1019 Fehlen

201 1031 252 1058 der
271 1032 493 1066 Prfipositionen
521 1030 580 1066 vgl.
601 1030 685 1058 Anal.
713 1031 784 1062 VH,
811 1028 848 1057 14
865 1028 917 1057 ΝΥ.
941 1029 968 1056 7.
997 1045 1035 1049 ——
1059 1031 1092 1061 ὅ,
1117 1028 1137 1057 4
1157 1029 1306 1057 Malchum
1332 1037 1432 1056 aurem
1454 1029 1504 1056 ab-

202 1069 324 1097 scondit.
346 1084 384 1089 —-
406 1067 449 1099 10,
470 1067 487 1095 2
507 1068 616 1104 Spinea
637 1076 757 1103 eorosia3
777 1076 815 1094 zu
838 1067 979 1103 sprechen
999 1069 1156 1104 espineam.
1176 1082 1215 1086 —
1237 1066 1279 1100 11,
1299 1065 1317 1094 2
1338 1067 1447 1095 clavus.
1467 1081 1506 1085 —-

204 1106 246 1138 12,
261 1105 275 1133 1
286 1107 388 1135 Mixto.
405 1121 439 1125 -—
459 1105 502 1140 12,
517 1104 534 1133 2
546 1105 650 1142 Sprich
664 1107 813 1142 espongia.
826 1121 865 1125 ——
881 1104 923 1139 12,
938 1103 955 1133 3
966 1105 1167 1142 harundinem.
1177 1120 1214 1124 —
1226 1104 1268 1139 12,
1283 1105 1454 1133 4Putando.
1469 1120 1504 1123 —

204 1143 248 1178 13,
268 1142 286 1172 3
306 1145 427 1172 lavabit.
441 1160 478 1163 —
497 1143 540 1177 15,
563 1144 577 1171 1
599 1145 667 1172 latu.
690 1159 728 1163 ——
750 1143 792 1172 15.
812 1142 832 1171 4
851 1144 969 1171 mundo.
986 1160 1021 1163 —
1046 1142 1088 1174 ΙΝ,
1108 1141 1126 1171 3
1147 1144 1230 1171 Lies:
1251 1144 1355 1171 Dis-ma
1374 1140 1505 1179 [h]abuit

200 1183 293 1216 fidem,
314 1183 383 1211 oder
394 1183 528 1210 Dismam
543 1182 637 1210 abiuit
650 1182 730 1210 fides.
747 1196 778 1201 —
802 1180 846 1209 1³5.
861 1181 881 1209 4
894 1183 1006 1210 Gesnm
1020 1196 1057 1200 —-
1073 1180 1117 1213 19,
1130 1180 1150 1209 4
1163 1181 1213 1209 ine
1237 1196 1273 1200 —-
1286 1179 1333 1211 ⁴20,
1349 1180 1364 1208 1
1380 1182 1503 1209 sah-are.

506 1339 552 1370 30.
581 1339 675 1371 Feria
696 1339 809 1375 Quinta
827 1338 953 1378 Majoris
974 1338 1192 1371 Hebdomadae.

722 1417 771 1446 Ad
789 1416 971 1447 Mandatum.

877 1499 908 1530 4.
937 1496 1042 1528 Verba
1066 1497 1142 1529 Jesu
1168 1498 1229 1529 hoc
1253 1497 1437 1529 hortantur:

935 1544 1000 1576 Ubi
1026 1545 1086 1576 duo
1110 1545 1163 1576 vel
1187 1547 1253 1576 tres
1277 1544 1387 1577 fantur

935 1591 985 1623 De
1008 1600 1067 1634 me,
1092 1592 1203 1623 horum
1224 1601 1293 1623 sum
1319 1592 1433 1634 medio,

935 1638 1002 1671 Hos
1029 1640 1146 1671 ducens
1170 1639 1239 1671 sine
1262 1640 1380 1672 taedio.

198 1500 230 1532 1.
256 1499 322 1537 Quo
348 1506 436 1530 amor
460 1500 509 1529 est
532 1499 562 1528 et
589 1496 715 1537 caritas,

256 1546 307 1577 Ibi
333 1549 380 1577 est
406 1544 524 1577 Christi
547 1545 660 1585 pietas,

258 1592 352 1632 CuJ'us
379 1601 466 1624 amor
491 1594 522 1624 et
544 1593 649 1631 passio

256 1638 358 1672 Facta
381 1643 491 1672 nostra
512 1640 657 1671 salvatio.

197 1710 230 1741 2.
257 1707 471 1740 Juoundemur
500 1707 704 1744 exsultantes,

257 1755 415 1787 Christum
440 1754 580 1786 timendo
605 1757 746 1786 amantes

253 1802 296 1834 Et
320 1812 377 1835 nos
404 1811 442 1833 ex
467 1802 564 1834 corde
588 1802 710 1833 sincero

254 1850 431 1891 Diiigamus
457 1858 582 1889 semper
606 1858 690 1882 vero.

197 1919 227 1950 3.
255 1916 314 1955 Qui
338 1926 400 1949 non
425 1917 522 1948 habet
546 1917 721 1956 caritatem,

255 1964 380 1997 Christo
406 1968 495 2004 aptat
519 1965 703 2002 vanitatem,

254 2012 352 2051 Quam
377 2015 516 2043 sectatur
539 2012 671 2051 invidia,

254 2059 355 2097 Mors,
380 2059 484 2092 luctus
511 2061 541 2089 et
564 2058 701 2090 miseria.

879 1708 910 1740 ⁹.
936 1705 1167 1746 Congregemur
1196 1710 1301 1738 mente
1323 1716 1406 1747 pura

935 1753 1110 1794 Profugata
1131 1755 1189 1786 lite
1217 1754 1304 1799 dura,

937 1801 1067 1833 Cessent
1091 1803 1230 1843 maligna
1251 1802 1366 1844 jurgia²

937 1848 992 1881 Sic
1016 1849 1136 1883 Christi
1159 1849 1250 1882 adest
1276 1849 1372 1883 curia.

900 1942 907 1948 .
936 1916 1058 1948 Caritas
1084 1920 1132 1948 est
1155 1925 1310 1948 summum
1334 1916 1460 1959 bonum,

934 1963 1101 1995 Trinitatis
1126 1964 1267 2004 amplum
1291 1965 1418 2002 donum,

934 2011 997 2043 Per
1023 2020 1115 2050 quam
1140 2020 1223 2043 nova
1247 2016 1279 2044 et
1303 2012 1434 2052 antiqua

936 2058 1144 2090 Involvuntur
1170 2058 1286 2092 Christi
1311 2060 1406 2100 plica.

530 2127 559 2159 7.
584 2126 636 2157 Da
659 2125 760 2166 nobis,
785 2133 842 2157 rex
866 2125 943 2157 Jesu
968 2124 1103 2165 Christe,

584 2174 635 2205 Ne
657 2181 715 2204 nos
741 2173 869 2205 damnet
891 2173 1026 2204 mundus
1050 2173 1121 2213 iste,

583 2222 636 2253 Ad
662 2223 694 2251 te
720 2221 831 2252 ducem
857 2219 1025 2260 confugere

586 2269 632 2301 Et
654 2271 757 2299 tec-um
782 2277 908 2308 semper
931 2268 1049 2301 vivere.

268 2356 377 2383 Direet.
407 2354 488 2382 chori
506 2353 648 2382 Hallense
672 2362 725 2380 ms.
753 2354 824 2381 anni
846 2350 927 2380 1532.
967 2352 1036 2380 Cod.
1058 2353 1248 2390 Bambergen.
1269 2354 1325 2381 Ed.
1348 2354 1391 2382 VI
1411 2353 1437 2383 3.
1460 2370 1495 2374 —

191 2397 250 2423 Mit
269 2394 319 2422 der
338 2392 513 2422 Amschrift:
537 2392 725 2427 „Mandatum
744 2388 880 2420 novum‘³.
919 2390 987 2427 Vgi.
1005 2391 1090 2419 Anni.
1110 2392 1178 2425 ΧΠ,
1200 2392 1251 2420 Nr.
1271 2390 1316 2419 27.
