<?xml version="1.0" encoding="UTF-8"?>
<!DOCTYPE html PUBLIC "-//W3C//DTD XHTML 1.0 Transitional//EN"
    "http://www.w3.org/TR/xhtml1/DTD/xhtml1-transitional.dtd">
<html xmlns="http://www.w3.org/1999/xhtml" xml:lang="en" lang="en">
 <head>
  <title>
</title>
<meta http-equiv="Content-Type" content="text/html;charset=utf-8" />
  <meta name='ocr-system' content='tesseract 3.04.00' />
  <meta name='ocr-capabilities' content='ocr_page ocr_carea ocr_par ocr_line ocrx_word'/>
</head>
<body>
  <div class='ocr_page' id='page_1' title='image "./analectahymnica23drevuoft_00283.png"; bbox 0 0 1653 2637; ppageno 0'>
   <div class='ocr_carea' id='block_1_1' title="bbox 201 243 690 513">
    <p class='ocr_par' dir='ltr' id='par_1_1' title="bbox 201 243 690 513">
     <span class='ocr_line' id='line_1_1' title="bbox 201 243 653 284; baseline -0.004 -8"><span class='ocrx_word' id='word_1_1' title='bbox 201 244 233 276; x_wconf 87' lang='grc'>3.</span> <span class='ocrx_word' id='word_1_2' title='bbox 258 243 310 275; x_wconf 85' lang='lat' dir='ltr'>Ex</span> <span class='ocrx_word' id='word_1_3' title='bbox 333 244 480 284; x_wconf 84' lang='lat' dir='ltr'>Aegypto</span> <span class='ocrx_word' id='word_1_4' title='bbox 505 243 653 275; x_wconf 78' lang='lat' dir='ltr'>vanitatis</span> 
     </span>
     <span class='ocr_line' id='line_1_2' title="bbox 304 291 662 331; baseline -0.003 -8"><span class='ocrx_word' id='word_1_5' title='bbox 304 291 424 323; x_wconf 80' lang='lat' dir='ltr'>Evolat</span> <span class='ocrx_word' id='word_1_6' title='bbox 447 291 490 323; x_wconf 76' lang='lat' dir='ltr'>ad</span> <span class='ocrx_word' id='word_1_7' title='bbox 513 291 662 331; x_wconf 78' lang='lat' dir='ltr'>patriam,</span> 
     </span>
     <span class='ocr_line' id='line_1_3' title="bbox 259 338 690 370; baseline 0 0"><span class='ocrx_word' id='word_1_8' title='bbox 259 339 467 370; x_wconf 87' lang='lat' dir='ltr'>Possessurus</span> <span class='ocrx_word' id='word_1_9' title='bbox 494 347 564 370; x_wconf 88' lang='lat' dir='ltr'>cum</span> <span class='ocrx_word' id='word_1_10' title='bbox 588 338 690 370; x_wconf 85' lang='lat' dir='ltr'>beatis</span> 
     </span>
     <span class='ocr_line' id='line_1_4' title="bbox 306 385 621 426; baseline 0 -9"><span class='ocrx_word' id='word_1_11' title='bbox 306 385 453 418; x_wconf 87' lang='lat' dir='ltr'>Paradisi</span> <span class='ocrx_word' id='word_1_12' title='bbox 478 386 621 426; x_wconf 84' lang='lat' dir='ltr'>gloriam,</span> 
     </span>
     <span class='ocr_line' id='line_1_5' title="bbox 257 432 647 473; baseline 0 -9"><span class='ocrx_word' id='word_1_13' title='bbox 257 432 303 464; x_wconf 86' lang='lat' dir='ltr'>Et</span> <span class='ocrx_word' id='word_1_14' title='bbox 326 442 484 473; x_wconf 81' lang='lat' dir='ltr'>supernae</span> <span class='ocrx_word' id='word_1_15' title='bbox 509 433 647 465; x_wconf 87' lang='lat' dir='ltr'>civitatis</span> 
     </span>
     <span class='ocr_line' id='line_1_6' title="bbox 306 480 659 513; baseline 0 -1"><span class='ocrx_word' id='word_1_16' title='bbox 306 480 506 513; x_wconf 85' lang='lat' dir='ltr'>Condecorat</span> <span class='ocrx_word' id='word_1_17' title='bbox 530 481 659 512; x_wconf 88' lang='lat' dir='ltr'>curiam.</span> 
     </span>
    </p>
   </div>
   <div class='ocr_carea' id='block_1_2' title="bbox 198 537 726 807">
    <p class='ocr_par' dir='ltr' id='par_1_2' title="bbox 198 537 674 671">
     <span class='ocr_line' id='line_1_7' title="bbox 198 537 664 569; baseline -0.002 0"><span class='ocrx_word' id='word_1_18' title='bbox 198 538 231 569; x_wconf 87' lang='lat'>4.</span> <span class='ocrx_word' id='word_1_19' title='bbox 257 538 295 569; x_wconf 92' lang='lat' dir='ltr'>In</span> <span class='ocrx_word' id='word_1_20' title='bbox 321 537 450 569; x_wconf 84' lang='lat' dir='ltr'>sublimi</span> <span class='ocrx_word' id='word_1_21' title='bbox 476 537 664 569; x_wconf 86' lang='lat' dir='ltr'>constitutus</span> 
     </span>
     <span class='ocr_line' id='line_1_8' title="bbox 304 584 647 624; baseline 0 -9"><span class='ocrx_word' id='word_1_22' title='bbox 304 584 479 624; x_wconf 67' lang='lat' dir='ltr'>ignitorum</span> <span class='ocrx_word' id='word_1_23' title='bbox 503 584 647 623; x_wconf 83' lang='lat' dir='ltr'>lapidum</span> 
     </span>
     <span class='ocr_line' id='line_1_9' title="bbox 258 630 674 671; baseline -0.002 -8"><span class='ocrx_word' id='word_1_24' title='bbox 258 630 451 671; x_wconf 83' lang='lat' dir='ltr'>Seraphinos</span> <span class='ocrx_word' id='word_1_25' title='bbox 479 632 519 663; x_wconf 86' lang='lat' dir='ltr'>ad</span> <span class='ocrx_word' id='word_1_26' title='bbox 546 631 674 663; x_wconf 88' lang='lat' dir='ltr'>obtutus</span> 
     </span>
    </p>

    <p class='ocr_par' dir='ltr' id='par_1_3' title="bbox 256 677 726 807">
     <span class='ocr_line' id='line_1_10' title="bbox 303 677 726 720; baseline 0 -10"><span class='ocrx_word' id='word_1_27' title='bbox 303 678 427 711; x_wconf 87' lang='lat' dir='ltr'>Motum</span> <span class='ocrx_word' id='word_1_28' title='bbox 451 679 533 718; x_wconf 86' lang='lat' dir='ltr'>gerit</span> <span class='ocrx_word' id='word_1_29' title='bbox 558 677 726 720; x_wconf 79' lang='lat' dir='ltr'>fervidum,</span> 
     </span>
     <span class='ocr_line' id='line_1_11' title="bbox 256 724 646 765; baseline 0.003 -9"><span class='ocrx_word' id='word_1_30' title='bbox 256 724 463 765; x_wconf 87' lang='lat' dir='ltr'>Sempiternis</span> <span class='ocrx_word' id='word_1_31' title='bbox 485 726 646 757; x_wconf 86' lang='lat' dir='ltr'>involutus</span> 
     </span>
     <span class='ocr_line' id='line_1_12' title="bbox 304 771 698 807; baseline 0.003 -2"><span class='ocrx_word' id='word_1_32' title='bbox 304 773 403 805; x_wconf 94' lang='lat' dir='ltr'>Omne</span> <span class='ocrx_word' id='word_1_33' title='bbox 429 773 532 804; x_wconf 83' lang='lat' dir='ltr'>calcat</span> <span class='ocrx_word' id='word_1_34' title='bbox 555 771 698 807; x_wconf 90' lang='lat' dir='ltr'>fluidum.</span> 
     </span>
    </p>
   </div>
   <div class='ocr_carea' id='block_1_3' title="bbox 197 828 711 1099">
    <p class='ocr_par' dir='ltr' id='par_1_4' title="bbox 197 828 711 1099">
     <span class='ocr_line' id='line_1_13' title="bbox 197 828 653 869; baseline -0.002 -8"><span class='ocrx_word' id='word_1_35' title='bbox 197 829 228 862; x_wconf 90' lang='lat'>5.</span> <span class='ocrx_word' id='word_1_36' title='bbox 253 828 354 869; x_wconf 86' lang='lat' dir='ltr'>Ligno</span> <span class='ocrx_word' id='word_1_37' title='bbox 381 831 465 861; x_wconf 91' lang='lat' dir='ltr'>vitae</span> <span class='ocrx_word' id='word_1_38' title='bbox 489 832 653 861; x_wconf 71' lang='lat' dir='ltr'><strong>recreatur</strong></span> 
     </span>
     <span class='ocr_line' id='line_1_14' title="bbox 301 876 711 917; baseline 0 -8"><span class='ocrx_word' id='word_1_39' title='bbox 301 877 380 909; x_wconf 86' lang='lat' dir='ltr'>Cum</span> <span class='ocrx_word' id='word_1_40' title='bbox 406 876 553 908; x_wconf 87' lang='lat' dir='ltr'>candoris</span> <span class='ocrx_word' id='word_1_41' title='bbox 578 877 711 917; x_wconf 81' lang='lat' dir='ltr'>calculo,</span> 
     </span>
     <span class='ocr_line' id='line_1_15' title="bbox 256 923 705 963; baseline 0.004 -9"><span class='ocrx_word' id='word_1_42' title='bbox 256 923 379 955; x_wconf 83' lang='lat' dir='ltr'>Novum</span> <span class='ocrx_word' id='word_1_43' title='bbox 405 932 519 956; x_wconf 90' lang='lat' dir='ltr'>nomen</span> <span class='ocrx_word' id='word_1_44' title='bbox 545 925 574 955; x_wconf 90' lang='lat' dir='ltr'>ei</span> <span class='ocrx_word' id='word_1_45' title='bbox 601 924 705 963; x_wconf 88' lang='lat' dir='ltr'>datur,</span> 
     </span>
     <span class='ocr_line' id='line_1_16' title="bbox 302 970 619 1011; baseline -0.003 -8"><span class='ocrx_word' id='word_1_46' title='bbox 302 970 478 1011; x_wconf 73' lang='lat' dir='ltr'>insignitur</span> <span class='ocrx_word' id='word_1_47' title='bbox 503 972 619 1002; x_wconf 82' lang='lat' dir='ltr'>annulo</span> 
     </span>
     <span class='ocr_line' id='line_1_17' title="bbox 258 1017 665 1051; baseline 0 -2"><span class='ocrx_word' id='word_1_48' title='bbox 258 1017 442 1050; x_wconf 83' lang='lat' dir='ltr'>Sanctitatis</span> <span class='ocrx_word' id='word_1_49' title='bbox 473 1021 505 1049; x_wconf 87' lang='lat' dir='ltr'>et</span> <span class='ocrx_word' id='word_1_50' title='bbox 532 1022 665 1051; x_wconf 85' lang='lat' dir='ltr'>ornatur</span> 
     </span>
     <span class='ocr_line' id='line_1_18' title="bbox 307 1065 596 1099; baseline 0.007 -2"><span class='ocrx_word' id='word_1_51' title='bbox 307 1065 469 1097; x_wconf 83' lang='lat' dir='ltr'>Castitatis</span> <span class='ocrx_word' id='word_1_52' title='bbox 494 1066 596 1099; x_wconf 82' lang='lat' dir='ltr'>titulo.</span> 
     </span>
    </p>
   </div>
   <div class='ocr_carea' id='block_1_4' title="bbox 816 145 981 181">
    <p class='ocr_par' dir='ltr' id='par_1_5' title="bbox 816 145 981 181">
     <span class='ocr_line' id='line_1_19' title="bbox 816 145 981 181; baseline 0 0"><span class='ocrx_word' id='word_1_53' title='bbox 816 145 886 181; x_wconf 84' lang='lat'>280</span> <span class='ocrx_word' id='word_1_54' title='bbox 934 166 981 171; x_wconf 90' lang='lat'>-—</span> 
     </span>
    </p>
   </div>
   <div class='ocr_carea' id='block_1_5' title="bbox 884 243 1390 522">
    <p class='ocr_par' dir='ltr' id='par_1_6' title="bbox 884 243 1382 332">
     <span class='ocr_line' id='line_1_20' title="bbox 884 243 1331 287; baseline 0 -11"><span class='ocrx_word' id='word_1_55' title='bbox 884 244 915 276; x_wconf 88' lang='lat'>6.</span> <span class='ocrx_word' id='word_1_56' title='bbox 942 243 1067 275; x_wconf 81' lang='lat' dir='ltr'>Numen</span> <span class='ocrx_word' id='word_1_57' title='bbox 1093 251 1168 284; x_wconf 87' lang='lat' dir='ltr'>ergo</span> <span class='ocrx_word' id='word_1_58' title='bbox 1193 244 1331 287; x_wconf 78' lang='lat' dir='ltr'>deitatis,</span> 
     </span>
     <span class='ocr_line' id='line_1_21' title="bbox 991 291 1382 332; baseline 0.005 -10"><span class='ocrx_word' id='word_1_59' title='bbox 991 292 1057 331; x_wconf 79' lang='lat' dir='ltr'>Quo</span> <span class='ocrx_word' id='word_1_60' title='bbox 1079 291 1229 331; x_wconf 85' lang='lat' dir='ltr'>jerarcha</span> <span class='ocrx_word' id='word_1_61' title='bbox 1251 293 1382 332; x_wconf 82' lang='lat' dir='ltr'>regeris,</span> 
     </span>
    </p>

    <p class='ocr_par' dir='ltr' id='par_1_7' title="bbox 941 339 1390 522">
     <span class='ocr_line' id='line_1_22' title="bbox 942 339 1312 378; baseline 0.003 -8"><span class='ocrx_word' id='word_1_62' title='bbox 942 339 1018 370; x_wconf 87' lang='lat' dir='ltr'>Zelo</span> <span class='ocrx_word' id='word_1_63' title='bbox 1045 339 1158 370; x_wconf 86' lang='lat' dir='ltr'>ductus</span> <span class='ocrx_word' id='word_1_64' title='bbox 1183 339 1312 378; x_wconf 81' lang='lat' dir='ltr'>pietatis</span> 
     </span>
     <span class='ocr_line' id='line_1_23' title="bbox 992 385 1371 428; baseline 0.003 -10"><span class='ocrx_word' id='word_1_65' title='bbox 992 385 1093 418; x_wconf 87' lang='lat' dir='ltr'>Nobis</span> <span class='ocrx_word' id='word_1_66' title='bbox 1118 386 1212 425; x_wconf 88' lang='lat' dir='ltr'>placa</span> <span class='ocrx_word' id='word_1_67' title='bbox 1236 387 1371 428; x_wconf 81' lang='lat' dir='ltr'>miseris,</span> 
     </span>
     <span class='ocr_line' id='line_1_24' title="bbox 941 431 1384 466; baseline 0.002 -1"><span class='ocrx_word' id='word_1_68' title='bbox 941 433 1030 465; x_wconf 93' lang='lat' dir='ltr'>Dans</span> <span class='ocrx_word' id='word_1_69' title='bbox 1052 442 1109 465; x_wconf 87' lang='lat' dir='ltr'>nos</span> <span class='ocrx_word' id='word_1_70' title='bbox 1134 431 1204 465; x_wconf 88' lang='lat' dir='ltr'>fore</span> <span class='ocrx_word' id='word_1_71' title='bbox 1230 434 1384 466; x_wconf 76' lang='lat' dir='ltr'>claritatis</span> 
     </span>
     <span class='ocr_line' id='line_1_25' title="bbox 988 480 1390 522; baseline 0.005 -10"><span class='ocrx_word' id='word_1_72' title='bbox 988 482 1149 522; x_wconf 81' lang='lat' dir='ltr'>AsseclaS‚</span> <span class='ocrx_word' id='word_1_73' title='bbox 1176 490 1239 521; x_wconf 88' lang='lat' dir='ltr'>qua</span> <span class='ocrx_word' id='word_1_74' title='bbox 1263 480 1390 515; x_wconf 83' lang='lat' dir='ltr'>frueris,</span> 
     </span>
    </p>
   </div>
   <div class='ocr_carea' id='block_1_6' title="bbox 881 538 1461 1101">
    <p class='ocr_par' dir='ltr' id='par_1_8' title="bbox 881 538 1461 1101">
     <span class='ocr_line' id='line_1_26' title="bbox 884 538 1377 580; baseline 0.002 -11"><span class='ocrx_word' id='word_1_75' title='bbox 884 538 913 569; x_wconf 84' lang='lat'>7.</span> <span class='ocrx_word' id='word_1_76' title='bbox 940 538 1033 577; x_wconf 89' lang='lat' dir='ltr'>Veni,</span> <span class='ocrx_word' id='word_1_77' title='bbox 1059 539 1153 577; x_wconf 89' lang='lat' dir='ltr'>pater</span> <span class='ocrx_word' id='word_1_78' title='bbox 1178 540 1210 568; x_wconf 88' lang='lat' dir='ltr'>et</span> <span class='ocrx_word' id='word_1_79' title='bbox 1232 542 1377 580; x_wconf 85' lang='lat' dir='ltr'>patrone,</span> 
     </span>
     <span class='ocr_line' id='line_1_27' title="bbox 990 584 1413 626; baseline 0.002 -10"><span class='ocrx_word' id='word_1_80' title='bbox 990 584 1126 616; x_wconf 81' lang='lat' dir='ltr'>Gressus</span> <span class='ocrx_word' id='word_1_81' title='bbox 1149 588 1274 616; x_wconf 87' lang='lat' dir='ltr'>nostros</span> <span class='ocrx_word' id='word_1_82' title='bbox 1302 586 1413 626; x_wconf 84' lang='lat' dir='ltr'>dirige,</span> 
     </span>
     <span class='ocr_line' id='line_1_28' title="bbox 942 632 1383 675; baseline 0.002 -12"><span class='ocrx_word' id='word_1_83' title='bbox 942 632 1034 664; x_wconf 87' lang='lat' dir='ltr'>Salus</span> <span class='ocrx_word' id='word_1_84' title='bbox 1061 635 1093 663; x_wconf 90' lang='lat' dir='ltr'>et</span> <span class='ocrx_word' id='word_1_85' title='bbox 1117 640 1190 671; x_wconf 87' lang='lat' dir='ltr'>spes</span> <span class='ocrx_word' id='word_1_86' title='bbox 1215 632 1248 663; x_wconf 93' lang='lat' dir='ltr'>in</span> <span class='ocrx_word' id='word_1_87' title='bbox 1273 641 1383 675; x_wconf 84' lang='lat' dir='ltr'>agone,</span> 
     </span>
     <span class='ocr_line' id='line_1_29' title="bbox 989 678 1300 720; baseline -0.003 -9"><span class='ocrx_word' id='word_1_88' title='bbox 989 678 1180 711; x_wconf 85' lang='lat' dir='ltr'>Corruentes</span> <span class='ocrx_word' id='word_1_89' title='bbox 1205 680 1300 720; x_wconf 87' lang='lat' dir='ltr'>erige,</span> 
     </span>
     <span class='ocr_line' id='line_1_30' title="bbox 940 725 1461 768; baseline 0.004 -11"><span class='ocrx_word' id='word_1_90' title='bbox 940 725 1051 758; x_wconf 87' lang='lat' dir='ltr'>Firma</span> <span class='ocrx_word' id='word_1_91' title='bbox 1075 729 1206 768; x_wconf 85' lang='lat' dir='ltr'>stantes,</span> <span class='ocrx_word' id='word_1_92' title='bbox 1232 730 1343 767; x_wconf 88' lang='lat' dir='ltr'>pastor</span> <span class='ocrx_word' id='word_1_93' title='bbox 1369 727 1461 768; x_wconf 78' lang='lat' dir='ltr'>bone,</span> 
     </span>
     <span class='ocr_line' id='line_1_31' title="bbox 985 774 1384 814; baseline -0.003 -8"><span class='ocrx_word' id='word_1_94' title='bbox 985 774 1100 813; x_wconf 79' lang='lat' dir='ltr'>Lapsis</span> <span class='ocrx_word' id='word_1_95' title='bbox 1127 783 1219 814; x_wconf 89' lang='lat' dir='ltr'>opem</span> <span class='ocrx_word' id='word_1_96' title='bbox 1246 775 1384 814; x_wconf 88' lang='lat' dir='ltr'>porrige.</span> 
     </span>
     <span class='ocr_line' id='line_1_32' title="bbox 881 829 1421 874; baseline -0.002 -11"><span class='ocrx_word' id='word_1_97' title='bbox 881 831 913 863; x_wconf 89' lang='lat'>8.</span> <span class='ocrx_word' id='word_1_98' title='bbox 940 829 1087 862; x_wconf 85' lang='lat' dir='ltr'>Summae</span> <span class='ocrx_word' id='word_1_99' title='bbox 1115 830 1158 861; x_wconf 86' lang='lat' dir='ltr'>sit</span> <span class='ocrx_word' id='word_1_100' title='bbox 1181 831 1250 862; x_wconf 87' lang='lat' dir='ltr'>laus</span> <span class='ocrx_word' id='word_1_101' title='bbox 1275 831 1421 874; x_wconf 70' lang='lat' dir='ltr'>trinitati,</span> 
     </span>
     <span class='ocr_line' id='line_1_33' title="bbox 987 877 1314 917; baseline 0.003 -8"><span class='ocrx_word' id='word_1_102' title='bbox 987 877 1092 909; x_wconf 85' lang='lat' dir='ltr'>Decus</span> <span class='ocrx_word' id='word_1_103' title='bbox 1118 880 1150 908; x_wconf 86' lang='lat' dir='ltr'>et</span> <span class='ocrx_word' id='word_1_104' title='bbox 1171 878 1314 917; x_wconf 83' lang='lat' dir='ltr'>victoria,</span> 
     </span>
     <span class='ocr_line' id='line_1_34' title="bbox 945 924 1318 957; baseline 0 -1"><span class='ocrx_word' id='word_1_105' title='bbox 945 924 994 956; x_wconf 87' lang='lat' dir='ltr'>Sit</span> <span class='ocrx_word' id='word_1_106' title='bbox 1018 929 1051 956; x_wconf 88' lang='lat' dir='ltr'>et</span> <span class='ocrx_word' id='word_1_107' title='bbox 1074 924 1179 956; x_wconf 84' lang='lat' dir='ltr'>trinae</span> <span class='ocrx_word' id='word_1_108' title='bbox 1202 925 1318 957; x_wconf 91' lang='lat' dir='ltr'>unitati</span> 
     </span>
     <span class='ocr_line' id='line_1_35' title="bbox 992 972 1317 1013; baseline -0.003 -8"><span class='ocrx_word' id='word_1_109' title='bbox 992 972 1180 1012; x_wconf 83' lang='lat' dir='ltr'>Coaequalis</span> <span class='ocrx_word' id='word_1_110' title='bbox 1205 973 1317 1013; x_wconf 85' lang='lat' dir='ltr'>gloria,</span> 
     </span>
     <span class='ocr_line' id='line_1_36' title="bbox 945 1018 1331 1059; baseline 0.005 -9"><span class='ocrx_word' id='word_1_111' title='bbox 945 1018 1041 1058; x_wconf 75' lang='lat' dir='ltr'>Cujus</span> <span class='ocrx_word' id='word_1_112' title='bbox 1064 1020 1149 1051; x_wconf 89' lang='lat' dir='ltr'>inest</span> <span class='ocrx_word' id='word_1_113' title='bbox 1170 1020 1331 1059; x_wconf 83' lang='lat' dir='ltr'>majestati</span> 
     </span>
     <span class='ocr_line' id='line_1_37' title="bbox 990 1067 1360 1101; baseline 0.005 -3"><span class='ocrx_word' id='word_1_114' title='bbox 990 1067 1183 1099; x_wconf 86' lang='lat' dir='ltr'>Permanens</span> <span class='ocrx_word' id='word_1_115' title='bbox 1211 1068 1360 1101; x_wconf 85' lang='lat' dir='ltr'>essentia.</span> 
     </span>
    </p>
   </div>
   <div class='ocr_carea' id='block_1_7' title="bbox 191 1147 1511 1225">
    <p class='ocr_par' dir='ltr' id='par_1_9' title="bbox 191 1147 1511 1225">
     <span class='ocr_line' id='line_1_38' title="bbox 271 1147 1511 1185; baseline 0.003 -10"><span class='ocrx_word' id='word_1_116' title='bbox 271 1149 356 1175; x_wconf 87' lang='lat' dir='ltr'>Brev.</span> <span class='ocrx_word' id='word_1_117' title='bbox 381 1157 433 1176; x_wconf 87' lang='lat' dir='ltr'>ms.</span> <span class='ocrx_word' id='word_1_118' title='bbox 455 1148 677 1176; x_wconf 83' lang='lat' dir='ltr'>Benedictinum</span> <span class='ocrx_word' id='word_1_119' title='bbox 702 1157 776 1176; x_wconf 79' lang='lat' dir='ltr'>saec.</span> <span class='ocrx_word' id='word_1_120' title='bbox 800 1147 844 1176; x_wconf 83' lang='grc'>15.</span> <span class='ocrx_word' id='word_1_121' title='bbox 886 1149 955 1177; x_wconf 82' lang='lat' dir='ltr'>God.</span> <span class='ocrx_word' id='word_1_122' title='bbox 978 1149 1184 1177; x_wconf 80' lang='lat' dir='ltr'>Carolsruhan.</span> <span class='ocrx_word' id='word_1_123' title='bbox 1213 1151 1274 1178; x_wconf 82' lang='lat' dir='ltr'>Geo</span> <span class='ocrx_word' id='word_1_124' title='bbox 1301 1149 1348 1178; x_wconf 86' lang='lat'>51.</span> <span class='ocrx_word' id='word_1_125' title='bbox 1374 1167 1412 1171; x_wconf 84' lang='lat'>-—</span> <span class='ocrx_word' id='word_1_126' title='bbox 1433 1150 1463 1185; x_wconf 85' lang='lat'>6,</span> <span class='ocrx_word' id='word_1_127' title='bbox 1493 1149 1511 1178; x_wconf 83' lang='grc'><strong>2</strong></span> 
     </span>
     <span class='ocr_line' id='line_1_39' title="bbox 191 1185 1407 1225; baseline 0.002 -12"><span class='ocrx_word' id='word_1_128' title='bbox 191 1185 347 1220; x_wconf 86' lang='lat' dir='ltr'>jerarchia.</span> <span class='ocrx_word' id='word_1_129' title='bbox 368 1201 405 1205; x_wconf 86' lang='lat'><em>—</em></span> <span class='ocrx_word' id='word_1_130' title='bbox 425 1185 451 1219; x_wconf 87' lang='lat'>7,</span> <span class='ocrx_word' id='word_1_131' title='bbox 473 1185 490 1213; x_wconf 84' lang='lat'><strong><em>5</em></strong></span> <span class='ocrx_word' id='word_1_132' title='bbox 510 1186 551 1213; x_wconf 88' lang='lat' dir='ltr'>Et</span> <span class='ocrx_word' id='word_1_133' title='bbox 569 1185 660 1213; x_wconf 84' lang='lat' dir='ltr'>firma.</span> <span class='ocrx_word' id='word_1_134' title='bbox 681 1202 718 1205; x_wconf 97' lang='lat'><strong>—</strong></span> <span class='ocrx_word' id='word_1_135' title='bbox 739 1186 765 1221; x_wconf 84' lang='lat'>7,</span> <span class='ocrx_word' id='word_1_136' title='bbox 788 1185 805 1214; x_wconf 87' lang='lat'>6</span> <span class='ocrx_word' id='word_1_137' title='bbox 824 1187 933 1222; x_wconf 83' lang='lat' dir='ltr'>Lapsis</span> <span class='ocrx_word' id='word_1_138' title='bbox 953 1196 1046 1223; x_wconf 75' lang='lat' dir='ltr'>apem.</span> <span class='ocrx_word' id='word_1_139' title='bbox 1069 1201 1106 1207; x_wconf 77' lang='lat'><em>-</em></span> <span class='ocrx_word' id='word_1_140' title='bbox 1126 1186 1152 1222; x_wconf 89' lang='lat'>8,</span> <span class='ocrx_word' id='word_1_141' title='bbox 1173 1186 1191 1216; x_wconf 84' lang='lat'>3</span> <span class='ocrx_word' id='word_1_142' title='bbox 1212 1189 1259 1216; x_wconf 76' lang='lat' dir='ltr'>Sit</span> <span class='ocrx_word' id='word_1_143' title='bbox 1278 1190 1407 1225; x_wconf 67' lang='lat' dir='ltr'>ergfinzt.</span> 
     </span>
    </p>
   </div>
   <div class='ocr_carea' id='block_1_8' title="bbox 629 1306 1092 1340">
    <p class='ocr_par' dir='ltr' id='par_1_10' title="bbox 629 1306 1092 1340">
     <span class='ocr_line' id='line_1_40' title="bbox 629 1306 1092 1340; baseline 0.002 -3"><span class='ocrx_word' id='word_1_144' title='bbox 629 1306 694 1337; x_wconf 77' lang='lat'>497.</span> <span class='ocrx_word' id='word_1_145' title='bbox 727 1308 771 1338; x_wconf 88' lang='lat' dir='ltr'>De</span> <span class='ocrx_word' id='word_1_146' title='bbox 790 1308 897 1339; x_wconf 80' lang='lat' dir='ltr'>sancto</span> <span class='ocrx_word' id='word_1_147' title='bbox 918 1307 1092 1340; x_wconf 77' lang='lat' dir='ltr'>Udalrico..</span> 
     </span>
    </p>
   </div>
   <div class='ocr_carea' id='block_1_9' title="bbox 195 1384 751 1417">
    <p class='ocr_par' dir='ltr' id='par_1_11' title="bbox 195 1384 751 1417">
     <span class='ocr_line' id='line_1_41' title="bbox 195 1384 751 1417; baseline 0.002 -1"><span class='ocrx_word' id='word_1_148' title='bbox 195 1384 225 1416; x_wconf 88' lang='lat'>1.</span> <span class='ocrx_word' id='word_1_149' title='bbox 254 1384 365 1416; x_wconf 84' lang='lat' dir='ltr'>Novae</span> <span class='ocrx_word' id='word_1_150' title='bbox 389 1384 494 1417; x_wconf 89' lang='lat' dir='ltr'>laudis</span> <span class='ocrx_word' id='word_1_151' title='bbox 518 1385 636 1416; x_wconf 81' lang='lat' dir='ltr'>adsunt</span> <span class='ocrx_word' id='word_1_152' title='bbox 659 1386 751 1417; x_wconf 88' lang='lat' dir='ltr'>nobis</span> 
     </span>
    </p>
   </div>
   <div class='ocr_carea' id='block_1_10' title="bbox 299 1430 695 1472">
    <p class='ocr_par' dir='ltr' id='par_1_12' title="bbox 299 1430 695 1472">
     <span class='ocr_line' id='line_1_42' title="bbox 299 1430 695 1472; baseline 0.003 -9"><span class='ocrx_word' id='word_1_153' title='bbox 299 1433 428 1463; x_wconf 87' lang='lat' dir='ltr'>summis</span> <span class='ocrx_word' id='word_1_154' title='bbox 454 1430 537 1463; x_wconf 86' lang='lat' dir='ltr'>festa</span> <span class='ocrx_word' id='word_1_155' title='bbox 561 1433 695 1472; x_wconf 81' lang='lat' dir='ltr'>gaudiis,</span> 
     </span>
    </p>
   </div>
   <div class='ocr_carea' id='block_1_11' title="bbox 253 1479 730 1517">
    <p class='ocr_par' dir='ltr' id='par_1_13' title="bbox 253 1479 730 1517">
     <span class='ocr_line' id='line_1_43' title="bbox 253 1479 730 1517; baseline 0.002 -7"><span class='ocrx_word' id='word_1_156' title='bbox 253 1479 339 1517; x_wconf 77' lang='lat' dir='ltr'>Quae</span> <span class='ocrx_word' id='word_1_157' title='bbox 364 1479 518 1511; x_wconf 87' lang='lat' dir='ltr'>rotundus</span> <span class='ocrx_word' id='word_1_158' title='bbox 545 1480 620 1511; x_wconf 86' lang='lat' dir='ltr'>colit</span> <span class='ocrx_word' id='word_1_159' title='bbox 644 1480 730 1512; x_wconf 86' lang='lat' dir='ltr'>orbis</span> 
     </span>
    </p>
   </div>
   <div class='ocr_carea' id='block_1_12' title="bbox 252 1526 687 1653">
    <p class='ocr_par' dir='ltr' id='par_1_14' title="bbox 252 1526 687 1653">
     <span class='ocr_line' id='line_1_44' title="bbox 300 1526 648 1566; baseline 0.003 -9"><span class='ocrx_word' id='word_1_160' title='bbox 300 1526 427 1558; x_wconf 86' lang='lat' dir='ltr'>Debitis</span> <span class='ocrx_word' id='word_1_161' title='bbox 452 1527 648 1566; x_wconf 73' lang='lat' dir='ltr'>symphoniis</span> 
     </span>
     <span class='ocr_line' id='line_1_45' title="bbox 252 1573 687 1615; baseline 0.005 -11"><span class='ocrx_word' id='word_1_162' title='bbox 252 1573 316 1604; x_wconf 88' lang='lat' dir='ltr'>Sub</span> <span class='ocrx_word' id='word_1_163' title='bbox 341 1574 462 1606; x_wconf 81' lang='lat' dir='ltr'>honore</span> <span class='ocrx_word' id='word_1_164' title='bbox 485 1574 568 1605; x_wconf 87' lang='lat' dir='ltr'>vatis</span> <span class='ocrx_word' id='word_1_165' title='bbox 593 1575 687 1615; x_wconf 90' lang='lat' dir='ltr'>sacri,</span> 
     </span>
     <span class='ocr_line' id='line_1_46' title="bbox 300 1620 627 1653; baseline 0 -1"><span class='ocrx_word' id='word_1_166' title='bbox 300 1620 491 1652; x_wconf 84' lang='lat' dir='ltr'>confessoris</span> <span class='ocrx_word' id='word_1_167' title='bbox 515 1621 627 1653; x_wconf 88' lang='lat' dir='ltr'>incliti.</span> 
     </span>
    </p>
   </div>
   <div class='ocr_carea' id='block_1_13' title="bbox 196 1678 737 1717">
    <p class='ocr_par' dir='ltr' id='par_1_15' title="bbox 196 1678 737 1717">
     <span class='ocr_line' id='line_1_47' title="bbox 196 1678 737 1717; baseline 0.004 -8"><span class='ocrx_word' id='word_1_168' title='bbox 196 1678 228 1709; x_wconf 86' lang='lat'>2.</span> <span class='ocrx_word' id='word_1_169' title='bbox 253 1678 351 1717; x_wconf 77' lang='lat' dir='ltr'>Quem</span> <span class='ocrx_word' id='word_1_170' title='bbox 373 1679 440 1717; x_wconf 84' lang='lat' dir='ltr'>jam</span> <span class='ocrx_word' id='word_1_171' title='bbox 465 1678 538 1709; x_wconf 90' lang='lat' dir='ltr'>vitis</span> <span class='ocrx_word' id='word_1_172' title='bbox 563 1687 638 1710; x_wconf 82' lang='lat' dir='ltr'>vera</span> <span class='ocrx_word' id='word_1_173' title='bbox 661 1688 737 1711; x_wconf 86' lang='lat' dir='ltr'>suae</span> 
     </span>
    </p>
   </div>
   <div class='ocr_carea' id='block_1_14' title="bbox 300 1724 647 1766">
    <p class='ocr_par' dir='ltr' id='par_1_16' title="bbox 300 1724 647 1766">
     <span class='ocr_line' id='line_1_48' title="bbox 300 1724 647 1766; baseline 0.003 -10"><span class='ocrx_word' id='word_1_174' title='bbox 300 1724 500 1765; x_wconf 83' lang='lat' dir='ltr'>praefecerat</span> <span class='ocrx_word' id='word_1_175' title='bbox 525 1725 647 1766; x_wconf 87' lang='lat' dir='ltr'>vineae,</span> 
     </span>
    </p>
   </div>
   <div class='ocr_carea' id='block_1_15' title="bbox 252 1772 742 1813">
    <p class='ocr_par' dir='ltr' id='par_1_17' title="bbox 252 1772 742 1813">
     <span class='ocr_line' id='line_1_49' title="bbox 252 1772 742 1813; baseline 0.004 -10"><span class='ocrx_word' id='word_1_176' title='bbox 252 1772 319 1811; x_wconf 78' lang='lat' dir='ltr'>Quo</span> <span class='ocrx_word' id='word_1_177' title='bbox 347 1774 470 1805; x_wconf 89' lang='lat' dir='ltr'>colente</span> <span class='ocrx_word' id='word_1_178' title='bbox 496 1773 551 1805; x_wconf 87' lang='lat' dir='ltr'>dat</span> <span class='ocrx_word' id='word_1_179' title='bbox 578 1774 742 1813; x_wconf 74' lang='lat' dir='ltr'>corymbos</span> 
     </span>
    </p>
   </div>
   <div class='ocr_carea' id='block_1_16' title="bbox 249 1818 673 1955">
    <p class='ocr_par' dir='ltr' id='par_1_18' title="bbox 249 1818 673 1955">
     <span class='ocr_line' id='line_1_50' title="bbox 297 1818 611 1860; baseline 0.003 -9"><span class='ocrx_word' id='word_1_180' title='bbox 297 1818 374 1852; x_wconf 83' lang='lat' dir='ltr'>fidei</span> <span class='ocrx_word' id='word_1_181' title='bbox 399 1820 611 1860; x_wconf 81' lang='lat' dir='ltr'>suavissimos,</span> 
     </span>
     <span class='ocr_line' id='line_1_51' title="bbox 249 1866 633 1908; baseline 0.005 -10"><span class='ocrx_word' id='word_1_182' title='bbox 249 1866 351 1899; x_wconf 85' lang='lat' dir='ltr'>Laeta</span> <span class='ocrx_word' id='word_1_183' title='bbox 374 1868 432 1900; x_wconf 89' lang='lat' dir='ltr'>sub</span> <span class='ocrx_word' id='word_1_184' title='bbox 457 1869 633 1908; x_wconf 87' lang='lat' dir='ltr'>propagine</span> 
     </span>
     <span class='ocr_line' id='line_1_52' title="bbox 299 1915 673 1955; baseline 0.005 -9"><span class='ocrx_word' id='word_1_185' title='bbox 299 1915 395 1955; x_wconf 85' lang='lat' dir='ltr'>digna</span> <span class='ocrx_word' id='word_1_186' title='bbox 418 1917 507 1947; x_wconf 87' lang='lat' dir='ltr'>tanto</span> <span class='ocrx_word' id='word_1_187' title='bbox 531 1916 673 1955; x_wconf 86' lang='lat' dir='ltr'>palmite.</span> 
     </span>
    </p>
   </div>
   <div class='ocr_carea' id='block_1_17' title="bbox 878 1388 1493 1961">
    <p class='ocr_par' dir='ltr' id='par_1_19' title="bbox 878 1388 1493 1961">
     <span class='ocr_line' id='line_1_53' title="bbox 878 1388 1493 1431; baseline 0.003 -11"><span class='ocrx_word' id='word_1_188' title='bbox 878 1388 908 1420; x_wconf 88' lang='lat'>3.</span> <span class='ocrx_word' id='word_1_189' title='bbox 936 1388 1000 1420; x_wconf 87' lang='lat' dir='ltr'>Vas</span> <span class='ocrx_word' id='word_1_190' title='bbox 1027 1389 1170 1431; x_wconf 85' lang='lat' dir='ltr'>electum,</span> <span class='ocrx_word' id='word_1_191' title='bbox 1199 1388 1319 1421; x_wconf 85' lang='lat' dir='ltr'>Christi</span> <span class='ocrx_word' id='word_1_192' title='bbox 1341 1391 1493 1430; x_wconf 86' lang='lat' dir='ltr'>templum</span> 
     </span>
     <span class='ocr_line' id='line_1_54' title="bbox 982 1435 1374 1477; baseline 0.005 -10"><span class='ocrx_word' id='word_1_193' title='bbox 982 1435 1087 1469; x_wconf 85' lang='lat' dir='ltr'>Lauta</span> <span class='ocrx_word' id='word_1_194' title='bbox 1109 1436 1219 1467; x_wconf 90' lang='lat' dir='ltr'>laurus</span> <span class='ocrx_word' id='word_1_195' title='bbox 1249 1438 1374 1477; x_wconf 87' lang='lat' dir='ltr'>civium,</span> 
     </span>
     <span class='ocr_line' id='line_1_55' title="bbox 934 1482 1365 1516; baseline 0.005 -2"><span class='ocrx_word' id='word_1_196' title='bbox 934 1482 1167 1515; x_wconf 81' lang='lat' dir='ltr'>Munimentum</span> <span class='ocrx_word' id='word_1_197' title='bbox 1193 1482 1278 1515; x_wconf 88' lang='lat' dir='ltr'>forte</span> <span class='ocrx_word' id='word_1_198' title='bbox 1303 1486 1365 1516; x_wconf 90' lang='lat' dir='ltr'>tuis</span> 
     </span>
     <span class='ocr_line' id='line_1_56' title="bbox 984 1530 1401 1572; baseline 0.005 -10"><span class='ocrx_word' id='word_1_199' title='bbox 984 1530 1101 1563; x_wconf 84' lang='lat' dir='ltr'>Saevas</span> <span class='ocrx_word' id='word_1_200' title='bbox 1128 1534 1239 1563; x_wconf 85' lang='lat' dir='ltr'>contra</span> <span class='ocrx_word' id='word_1_201' title='bbox 1263 1533 1401 1572; x_wconf 83' lang='lat' dir='ltr'>viperaS,</span> 
     </span>
     <span class='ocr_line' id='line_1_57' title="bbox 936 1577 1398 1623; baseline 0.004 -14"><span class='ocrx_word' id='word_1_202' title='bbox 936 1577 1020 1615; x_wconf 78' lang='lat' dir='ltr'>Quas</span> <span class='ocrx_word' id='word_1_203' title='bbox 1048 1578 1208 1610; x_wconf 86' lang='lat' dir='ltr'>disturbes</span> <span class='ocrx_word' id='word_1_204' title='bbox 1235 1580 1398 1623; x_wconf 84' lang='lat' dir='ltr'>triviatim,</span> 
     </span>
     <span class='ocr_line' id='line_1_58' title="bbox 985 1626 1410 1667; baseline 0.007 -11"><span class='ocrx_word' id='word_1_205' title='bbox 985 1626 1078 1657; x_wconf 87' lang='lat' dir='ltr'>dulce</span> <span class='ocrx_word' id='word_1_206' title='bbox 1101 1626 1216 1666; x_wconf 82' lang='lat' dir='ltr'>pignus</span> <span class='ocrx_word' id='word_1_207' title='bbox 1241 1628 1410 1667; x_wconf 85' lang='lat' dir='ltr'>perpetim.</span> 
     </span>
     <span class='ocr_line' id='line_1_59' title="bbox 880 1681 1466 1729; baseline 0.005 -15"><span class='ocrx_word' id='word_1_208' title='bbox 880 1683 914 1715; x_wconf 88' lang='lat'>4.</span> <span class='ocrx_word' id='word_1_209' title='bbox 942 1681 991 1713; x_wconf 88' lang='lat' dir='ltr'>Sit</span> <span class='ocrx_word' id='word_1_210' title='bbox 1014 1692 1099 1714; x_wconf 91' lang='lat' dir='ltr'>nunc</span> <span class='ocrx_word' id='word_1_211' title='bbox 1122 1683 1208 1722; x_wconf 85' lang='lat' dir='ltr'>patri</span> <span class='ocrx_word' id='word_1_212' title='bbox 1233 1684 1302 1715; x_wconf 87' lang='lat' dir='ltr'>laus</span> <span class='ocrx_word' id='word_1_213' title='bbox 1328 1685 1466 1729; x_wconf 82' lang='lat' dir='ltr'>excelso,</span> 
     </span>
     <span class='ocr_line' id='line_1_60' title="bbox 983 1731 1376 1771; baseline 0.008 -10"><span class='ocrx_word' id='word_1_214' title='bbox 983 1733 1059 1762; x_wconf 88' lang='lat' dir='ltr'>nato</span> <span class='ocrx_word' id='word_1_215' title='bbox 1083 1731 1154 1763; x_wconf 88' lang='lat' dir='ltr'>laus</span> <span class='ocrx_word' id='word_1_216' title='bbox 1181 1739 1251 1762; x_wconf 88' lang='lat' dir='ltr'>cum</span> <span class='ocrx_word' id='word_1_217' title='bbox 1273 1732 1376 1771; x_wconf 87' lang='lat' dir='ltr'>jubilo</span> 
     </span>
     <span class='ocr_line' id='line_1_61' title="bbox 935 1775 1469 1825; baseline 0.009 -17"><span class='ocrx_word' id='word_1_218' title='bbox 935 1776 1021 1808; x_wconf 89' lang='lat' dir='ltr'>Laus</span> <span class='ocrx_word' id='word_1_219' title='bbox 1047 1778 1190 1819; x_wconf 87' lang='lat' dir='ltr'>aequalis</span> <span class='ocrx_word' id='word_1_220' title='bbox 1216 1775 1469 1825; x_wconf 88' lang='lat' dir='ltr'>[amborumque]</span> 
     </span>
     <span class='ocr_line' id='line_1_62' title="bbox 985 1821 1352 1869; baseline 0.005 -12"><span class='ocrx_word' id='word_1_221' title='bbox 985 1821 1120 1869; x_wconf 90' lang='lat' dir='ltr'>[sancto]</span> <span class='ocrx_word' id='word_1_222' title='bbox 1147 1826 1191 1858; x_wconf 90' lang='lat' dir='ltr'>sit</span> <span class='ocrx_word' id='word_1_223' title='bbox 1213 1827 1352 1867; x_wconf 88' lang='lat' dir='ltr'>spiritui,</span> 
     </span>
     <span class='ocr_line' id='line_1_63' title="bbox 935 1872 1362 1911; baseline 0.009 -8"><span class='ocrx_word' id='word_1_224' title='bbox 935 1872 994 1911; x_wconf 72' lang='lat' dir='ltr'>Qui</span> <span class='ocrx_word' id='word_1_225' title='bbox 1026 1873 1141 1905; x_wconf 82' lang='lat' dir='ltr'>ditavit</span> <span class='ocrx_word' id='word_1_226' title='bbox 1164 1873 1226 1906; x_wconf 86' lang='lat' dir='ltr'>sibi</span> <span class='ocrx_word' id='word_1_227' title='bbox 1253 1883 1362 1907; x_wconf 91' lang='lat' dir='ltr'>carum</span> 
     </span>
     <span class='ocr_line' id='line_1_64' title="bbox 984 1921 1364 1961; baseline 0.011 -9"><span class='ocrx_word' id='word_1_228' title='bbox 984 1921 1118 1953; x_wconf 87' lang='lat' dir='ltr'>caritate</span> <span class='ocrx_word' id='word_1_229' title='bbox 1147 1922 1364 1961; x_wconf 85' lang='lat' dir='ltr'>splendidum.</span> 
     </span>
    </p>
   </div>
   <div class='ocr_carea' id='block_1_18' title="bbox 1499 1416 1506 1432">
    <p class='ocr_par' dir='ltr' id='par_1_20' title="bbox 1499 1416 1506 1432">
     <span class='ocr_line' id='line_1_65' title="bbox 1499 1416 1506 1432; baseline 0 0"><span class='ocrx_word' id='word_1_230' title='bbox 1499 1416 1506 1432; x_wconf 70' lang='lat'>5</span> 
     </span>
    </p>
   </div>
   <div class='ocr_carea' id='block_1_19' title="bbox 267 1998 1288 2035">
    <p class='ocr_par' dir='ltr' id='par_1_21' title="bbox 267 1998 1288 2035">
     <span class='ocr_line' id='line_1_66' title="bbox 267 1998 1288 2035; baseline 0.011 -11"><span class='ocrx_word' id='word_1_231' title='bbox 267 1998 374 2033; x_wconf 84' lang='lat' dir='ltr'>Hymn.</span> <span class='ocrx_word' id='word_1_232' title='bbox 394 2006 448 2025; x_wconf 85' lang='lat' dir='ltr'>ms.</span> <span class='ocrx_word' id='word_1_233' title='bbox 469 1998 637 2035; x_wconf 83' lang='lat' dir='ltr'>Sangallen.</span> <span class='ocrx_word' id='word_1_234' title='bbox 657 1999 692 2035; x_wconf 76' lang='lat'>(‘?)</span> <span class='ocrx_word' id='word_1_235' title='bbox 713 2009 788 2028; x_wconf 83' lang='lat' dir='ltr'>saec.</span> <span class='ocrx_word' id='word_1_236' title='bbox 810 2000 854 2029; x_wconf 90' lang='grc'>11.</span> <span class='ocrx_word' id='word_1_237' title='bbox 895 2002 964 2031; x_wconf 86' lang='lat' dir='ltr'>Cod.</span> <span class='ocrx_word' id='word_1_238' title='bbox 987 2004 1155 2033; x_wconf 79' lang='lat' dir='ltr'>Berolinen.</span> <span class='ocrx_word' id='word_1_239' title='bbox 1176 2006 1239 2034; x_wconf 86' lang='lat' dir='ltr'>Oct.</span> <span class='ocrx_word' id='word_1_240' title='bbox 1262 2006 1288 2035; x_wconf 88' lang='lat'>1.</span> 
     </span>
    </p>
   </div>
   <div class='ocr_carea' id='block_1_20' title="bbox 620 2119 1065 2234">
    <p class='ocr_par' dir='ltr' id='par_1_22' title="bbox 620 2119 1065 2234">
     <span class='ocr_line' id='line_1_67' title="bbox 620 2119 1065 2155; baseline 0.013 -6"><span class='ocrx_word' id='word_1_241' title='bbox 620 2119 688 2150; x_wconf 88' lang='lat'>498.</span> <span class='ocrx_word' id='word_1_242' title='bbox 718 2121 762 2151; x_wconf 85' lang='lat' dir='ltr'>De</span> <span class='ocrx_word' id='word_1_243' title='bbox 781 2122 888 2152; x_wconf 84' lang='lat' dir='ltr'>sancto</span> <span class='ocrx_word' id='word_1_244' title='bbox 908 2122 1065 2155; x_wconf 81' lang='lat' dir='ltr'>Udalrico.</span> 
     </span>
     <span class='ocr_line' id='line_1_68' title="bbox 734 2195 959 2234; baseline 0.009 -10"><span class='ocrx_word' id='word_1_245' title='bbox 734 2195 784 2224; x_wconf 86' lang='lat' dir='ltr'>Ad</span> <span class='ocrx_word' id='word_1_246' title='bbox 803 2196 959 2234; x_wconf 85' lang='lat' dir='ltr'>Vesperas.</span> 
     </span>
    </p>
   </div>
   <div class='ocr_carea' id='block_1_21' title="bbox 433 2270 1193 2365">
    <p class='ocr_par' dir='ltr' id='par_1_23' title="bbox 433 2270 1193 2365">
     <span class='ocr_line' id='line_1_69' title="bbox 433 2270 1193 2318; baseline 0.009 -16"><span class='ocrx_word' id='word_1_247' title='bbox 433 2270 463 2303; x_wconf 87' lang='lat'>1.</span> <span class='ocrx_word' id='word_1_248' title='bbox 490 2270 582 2302; x_wconf 86' lang='lat' dir='ltr'>Salus</span> <span class='ocrx_word' id='word_1_249' title='bbox 608 2280 641 2303; x_wconf 91' lang='lat' dir='ltr'>es</span> <span class='ocrx_word' id='word_1_250' title='bbox 668 2273 788 2314; x_wconf 87' lang='lat' dir='ltr'>mundi,</span> <span class='ocrx_word' id='word_1_251' title='bbox 816 2275 953 2316; x_wconf 87' lang='lat' dir='ltr'>Christe,</span> <span class='ocrx_word' id='word_1_252' title='bbox 980 2276 1074 2308; x_wconf 87' lang='lat' dir='ltr'>decus</span> <span class='ocrx_word' id='word_1_253' title='bbox 1102 2278 1193 2318; x_wconf 85' lang='lat' dir='ltr'>coeli,</span> 
     </span>
     <span class='ocr_line' id='line_1_70' title="bbox 489 2318 1139 2365; baseline 0.011 -16"><span class='ocrx_word' id='word_1_254' title='bbox 489 2318 571 2349; x_wconf 86' lang='lat' dir='ltr'>Inde</span> <span class='ocrx_word' id='word_1_255' title='bbox 595 2319 737 2351; x_wconf 86' lang='lat' dir='ltr'>laudaris</span> <span class='ocrx_word' id='word_1_256' title='bbox 762 2322 880 2353; x_wconf 84' lang='lat' dir='ltr'>nostris</span> <span class='ocrx_word' id='word_1_257' title='bbox 904 2331 1030 2362; x_wconf 87' lang='lat' dir='ltr'>semper</span> <span class='ocrx_word' id='word_1_258' title='bbox 1055 2324 1139 2365; x_wconf 66' lang='lat' dir='ltr'>odie„</span> 
     </span>
    </p>
   </div>
   <div class='ocr_carea' id='block_1_22' title="bbox 492 2364 1212 2446">
    <p class='ocr_par' dir='ltr' id='par_1_24' title="bbox 492 2364 1212 2446">
     <span class='ocr_line' id='line_1_71' title="bbox 492 2364 1212 2403; baseline 0.011 -8"><span class='ocrx_word' id='word_1_259' title='bbox 492 2364 549 2403; x_wconf 76' lang='lat' dir='ltr'>Qui</span> <span class='ocrx_word' id='word_1_260' title='bbox 574 2365 665 2397; x_wconf 91' lang='lat' dir='ltr'>nobis</span> <span class='ocrx_word' id='word_1_261' title='bbox 693 2367 777 2398; x_wconf 85' lang='lat' dir='ltr'>diem</span> <span class='ocrx_word' id='word_1_262' title='bbox 801 2369 885 2400; x_wconf 90' lang='lat' dir='ltr'>hunc</span> <span class='ocrx_word' id='word_1_263' title='bbox 909 2371 1044 2401; x_wconf 84' lang='lat' dir='ltr'>sacrasti</span> <span class='ocrx_word' id='word_1_264' title='bbox 1069 2374 1212 2403; x_wconf 87' lang='lat' dir='ltr'>sanctum</span> 
     </span>
     <span class='ocr_line' id='line_1_72' title="bbox 538 2413 810 2446; baseline 0.007 -2"><span class='ocrx_word' id='word_1_265' title='bbox 538 2413 700 2445; x_wconf 86' lang='lat' dir='ltr'>Praesulis</span> <span class='ocrx_word' id='word_1_266' title='bbox 725 2414 810 2446; x_wconf 90' lang='lat' dir='ltr'>almi.</span> 
     </span>
    </p>
   </div>
  </div>
 </body>
</html>
