1653 2637
679 121 914 157 -51ss-

362 220 416 254 12.
442 216 603 259 Miserque
627 219 719 252 homo
744 220 795 252 vel
820 219 873 259 qui
897 220 987 251 tanta
1010 220 1155 257 tempora

442 267 516 300 Vixi
544 266 657 299 infelix
680 267 714 299 in
738 267 817 299 meis
841 267 986 307 negotiis,

442 315 528 348 Auxi
550 317 693 356 peccata,
722 314 879 347 cumulavi
905 313 1046 347 crimina.

362 377 416 411 13.
441 373 588 411 Nutritus
616 378 740 409 demum
769 377 831 409 vita
855 375 1054 418 regulariter,

440 425 478 457 1n
505 424 597 456 domo
620 424 683 457 Dei
708 425 894 456 conversavi
919 423 1063 463 dulciter,

440 473 556 512 Jugum
581 473 717 513 suscepi,
746 471 944 504 Christianus
969 470 1119 503 habitum.

368 535 420 567 14.
448 531 542 568 Ortat
565 542 616 565 me
640 542 743 565 sermo
769 532 915 573 fragilem
942 533 1127 572 dominicus,

442 583 634 622 Quacunque
659 581 712 613 (110
735 583 885 620 peccator
913 580 1094 619 revertitur,

441 628 551 661 Visum
583 628 691 661 divina
715 629 821 669 gratia
844 628 929 660 hunc
952 627 1076 667 recipit.

363 691 417 724 15.
443 687 553 724 Pietas
580 689 707 730 Christi,
734 698 784 721 me
808 691 993 729 peccantem
1018 689 1143 729 suscipe

440 738 485 770 Et
509 737 668 777 patienter
692 737 903 778 negligentem
928 737 1058 780 sustine,

441 786 543 817 Vocat
566 784 608 816 ad
633 792 775 824 regnum,
801 785 917 816 invitat
941 784 983 816 ad
1008 784 1193 824 praemium.

361 848 420 880 16.
446 844 571 885 Quanta
596 846 761 886 qualisque
784 845 846 878 Dei
870 845 1026 885 patientia

442 895 480 926 In
504 903 555 925 me
578 893 702 925 misello
729 896 947 933 contemptore
970 893 1084 924 merito

441 941 516 973 Vita
541 944 615 981 post
638 943 773 973 mortem
797 942 829 973 et
853 950 962 972 amara
987 940 1120 973 dulcius.

363 1004 419 1037 17.
444 1001 567 1043 Regem
592 1004 701 1046 adoro,
727 1005 941 1042 protectorem
965 1011 1110 1046 veneror,

440 1051 576 1083 Reatum
606 1058 710 1082 meum
734 1050 898 1082 relaxante
923 1058 1030 1090 opere,

439 1099 608 1138 Rosaeque
631 1106 749 1131 vernae
773 1106 895 1130 merces
918 1097 953 1129 in
978 1096 1143 1130 altissimo.

364 1161 418 1195 18.
446 1157 627 1194 Solemnem
653 1159 736 1191 diem
762 1159 920 1192 libertatis
945 1162 1047 1199 teneo,

438 1209 476 1241 In
502 1216 562 1247 quo
588 1209 717 1247 ereptus
744 1207 783 1238 de
804 1209 907 1239 morte
934 1206 1086 1246 pestifero

439 1256 479 1288 In
503 1255 578 1287 aula
602 1254 721 1287 Christi
745 1255 870 1294 quietus
894 1255 1063 1288 resideam.

361 1318 416 1351 19.
444 1315 491 1351 Te
518 1316 619 1357 decet,
645 1315 742 1355 Deus,
768 1316 837 1348 laus
861 1316 895 1348 in
919 1315 1072 1348 altissimo

444 1365 534 1397 Patri
560 1372 686 1403 coaevo,
711 1363 803 1395 nobis
829 1363 1000 1404 unigenito,

441 1413 574 1445 Terram
599 1411 715 1443 misisti
741 1411 780 1442 de
805 1413 938 1451 paterno
963 1410 1053 1444 solio.

366 1476 422 1509 20.
449 1472 578 1508 Ueritas
603 1474 687 1505 lucet
714 1473 754 1505 de
776 1475 864 1505 terra
884 1472 1018 1515 justitia,

446 1522 503 1555 Cui
530 1520 723 1554 contradicit
749 1520 869 1552 diaboli
894 1521 1020 1559 astutia,

441 1570 593 1609 Captivus
621 1568 719 1600 miser
742 1568 777 1599 in
801 1577 940 1608 superna
962 1567 1078 1608 patria.

361 1634 417 1666 21.
446 1629 557 1667 Gloria
580 1630 659 1674 Deo,
688 1631 784 1663 decus
815 1630 1000 1670 sapientiae,

439 1679 531 1712 Patri
556 1687 672 1711 coaevo
698 1681 731 1710 et
755 1680 923 1710 coaeterno
947 1676 1026 1720 filio,

444 1728 545 1760 Immo
572 1734 642 1758 cum
663 1728 758 1765 patre
782 1728 955 1766 sanctoque
978 1725 1104 1764 spiritu.

218 1813 288 1842 Coa.
302 1812 470 1841 Bruxellen.
491 1809 653 1839 8860—67.
674 1819 749 1838 saec.
773 1809 817 1838 10.
838 1811 877 1837 in.
920 1825 936 1829 ν-
956 1808 987 1845 5,
1009 1807 1026 1836 2
1049 1818 1114 1837 cum
1133 1810 1315 1845 putruerunt.
1336 1822 1373 1826 —
1391 1806 1415 1842 6,
1440 1806 1458 1834 2

139 1855 301 1888 ventreque
316 1851 427 1888 gluvio.
440 1865 478 1869 -
499 1847 526 1883 8,
541 1848 560 1877 2
572 1857 676 1877 vocem
689 1849 835 1877 110εο11131-
851 1863 885 1866 -
903 1846 930 1882 9,
952 1846 970 1875 2
987 1848 1148 1883 Quousque
1162 1849 1222 1874 tam
1236 1847 1294 1875 Dei
1305 1847 1407 1874 vitam.
1419 1862 1458 1866 —

140 1890 173 1925 9,
197 1888 215 1919 3
235 1890 378 1918 liberatis.
402 1904 440 1910 -—
462 1887 505 1922 11,
531 1886 549 1915 2
565 1888 656 1924 jussit
674 1889 795 1923 pariam.
816 1900 853 1906 -—
876 1884 919 1919 11,
942 1884 959 1915 3
980 1886 1109 1914 ardeant.
1130 1901 1169 1906 -—
1190 1884 1233 1921 14,
1257 1883 1271 1912 1
1292 1885 1400 1920 fragili.
1421 1899 1458 1903 —

141 1927 194 1964 14,
220 1928 238 1958 3
258 1929 382 1964 recepit3
411 1927 491 1955 hunc
511 1926 638 1963 ergiinzt.
659 1940 696 1944 —
724 1924 772 1960 17,
798 1923 816 1954 3
835 1925 966 1960 Rosique
985 1926 1079 1952 verni.
1100 1940 1137 1944 —
1160 1921 1208 1958 18,
1229 1922 1246 1952 3
1267 1922 1400 1951 resideat.
1421 1937 1459 1942 —

143 1966 186 2002 19,
207 1965 225 1996 3
245 1969 375 2003 patrono
398 1966 484 1994 solio.
507 1982 543 1986 —
563 1964 738 1993 Aufschrift:
760 1964 853 2000 „Item
872 1963 950 1991 unde
968 1961 1085 1999 supra“.

553 2091 598 2123 76.
631 2091 744 2124 Contra
764 2089 908 2123 Inimicos
931 2088 1046 2122 Oratio.

140 2176 169 2209 1.
196 2175 335 2215 Respice
362 2175 402 2207 de
426 2173 534 2213 coeliS,
561 2173 661 2212 Deus,
831 2174 861 2205 2.
889 2172 1001 2212 Judas‚
1029 2179 1112 2211 0000,
1139 2170 1325 2211 resurrexit,

247 2222 373 2263 respice
397 2222 567 2263 propitius,
939 2227 1022 2260 ecce,
1048 2218 1137 2252 venit
1161 2219 1288 2259 impius,

197 2272 249 2304 Da
272 2272 419 2311 salutem,
447 2271 489 2303 <la
513 2270 664 2302 virtutem
891 2268 1042 2301 Proditor
1066 2267 1212 2307 magistri
1236 2267 1325 2299 venit

245 2320 279 2352 in
304 2323 337 2352 te
363 2317 606 2360 confidentibuS,
937 2316 1076 2356 perdere
1104 2315 1288 2357 discipulos,

197 2368 265 2402 Ubi
288 2368 377 2401 Deus
404 2370 453 2400 est
478 2364 608 2399 eorum?
892 2364 946 2396 Ad
971 2367 1004 2396 te
1026 2365 1138 2396 nostra
1163 2362 1240 2404 i'uga
1263 2365 1387 2396 tantum

246 2426 287 2449 ne
314 2416 424 2449 dicant
447 2416 480 2448 in
506 2414 664 2456 gentibus.
941 2413 1010 2457 erit,
1036 2412 1099 2445 Dei
1122 2410 1218 2445 filius.

1249 2465 1291 2497 4*
