1653 2637
730 130 985 165 -115—

209 227 241 259 3.
268 224 455 258 Fecundata
480 227 587 258 natam
611 225 745 267 profert,

262 272 342 305 Fert
366 272 408 306 ad
432 273 596 315 templum,
623 274 692 306 Deo
718 275 818 313 offert,

264 321 361 359 Quam
390 321 546 353 castitatis
571 322 735 362 speculum

259 369 469 408 Agnoscat
487 377 603 400 omne
623 370 827 402 saeculum.

204 426 235 458 4.
263 424 370 456 Sacris
395 424 474 457 locis
501 425 664 470 educatur,

261 472 347 505 Miro
370 472 464 505 modo
490 474 718 516 impregnatur,

260 519 357 559 Cujus
382 523 507 561 venter,
534 521 714 562 concipiens

257 567 438 599 Verbum
472 577 702 607 supernum
724 579 825 609 pro-

598 617 617 648 d
627 617 639 648 i
648 625 665 648 e
674 626 694 647 n
703 625 728 649 s.

891 229 921 260 5.
950 227 1128 268 Conceptus
1153 228 1223 260 sine
1243 228 1363 260 semine

946 274 1091 307 Tandem
1112 275 1224 314 prodit
1249 276 1289 307 de
1314 275 1447 317 virgine,

948 322 1046 360 Quem
1074 323 1199 361 quaeris
1223 322 1413 366 interficere,

946 369 1095 402 Hostis
1121 369 1315 402 Herodes
1341 370 1480 410 impie.

888 428 918 460 6.
945 427 1041 458 Anna
1063 428 1178 468 mater,
1203 427 1298 466 placa
1322 426 1341 459 J
1344 435 1430 458 esum

948 474 1009 506 Pro
1035 475 1175 514 peccatis
1201 474 1287 505 orbis
1314 482 1448 517 caesum,

949 520 1015 553 Nos
1041 521 1140 564 salva,
1168 525 1281 561 rogent
1305 522 1429 561 singuli,

942 569 1063 611 Jesu‚
1089 569 1287 601 salvator
1312 577 1410 602 saec
1422 569 1495 602 uli.

608 674 637 705 7.
664 673 762 705 Trino
781 673 850 706 Deo
876 677 909 706 et
932 674 1069 712 simplici

665 719 820 753 Canamus
845 729 922 752 voce
946 720 1094 762 supplici,

669 767 734 800 Ubi
757 770 864 800 manet
889 768 1051 808 divinitas,

662 814 720 846 Tu
749 815 974 847 trinitatis
999 816 1152 848 unitas,

273 878 359 906 Brev.
382 878 543 908 Othinense
562 880 631 914 imp.
652 880 789 908 Lubecae
812 877 893 907 1497.
914 881 947 908 A.
969 894 1005 898 —-
1026 881 1110 908 BreV.
1132 880 1324 908 Sleswicenee
1343 881 1411 916 imp.
1427 880 1504 908 Sles-

195 918 262 944 wici
292 915 366 944 1512
385 917 419 945 B.
443 932 478 935 —
500 918 584 945 Brev.
606 917 803 946 Aarhusiense
828 919 898 954 imp.
919 918 1084 946 Aarhusiae
1105 916 1186 946 1519.
1210 919 1240 944 C.

1319 916 1335 937 0,
1371 915 1389 946 3
1411 918 1503 952 Quem

193 955 340 983 castitatis
362 955 392 983 G.
413 969 449 974 —
470 953 498 989 4,
520 953 538 984 3
560 955 650 991 Cujus
670 955 705 983 fit
726 959 828 984 venter
848 956 906 984 BC.
928 972 964 976 —
986 955 1012 991 7,
1034 954 1052 984 3
1072 957 1141 984 Tibi
1164 958 1262 984 manet
1280 957 1313 984 B.

658 1047 718 1078 186.
747 1048 790 1078 De
811 1049 922 1079 saneta
941 1049 1040 1079 Anna.

719 1115 768 1145 Ad
787 1115 976 1146 Matutinum.

195 1174 225 1206 1.
252 1173 434 1206 Praesentis
460 1172 535 1206 festi
560 1177 705 1215 tempore

250 1220 317 1253 Nos
342 1224 450 1253 monet
475 1231 618 1254 somnum
644 1232 801 1264 rumpere,

249 1268 346 1301 Lucis
372 1269 571 1309 propinquae
595 1271 769 1311 praescius,

249 1316 351 1348 Ales
378 1316 465 1348 diei
489 1318 674 1351 nuntiuS.

191 1374 224 1406 2.
250 1372 399 1406 Golamus
423 1374 537 1405 Annae
559 1375 739 1414 transitum,

247 1420 429 1452 Laudemus
453 1421 520 1460 ejus
545 1422 701 1464 meritum,

247 1469 347 1508 Quam
368 1469 436 1508 jam
461 1467 540 1500 feeit
563 1469 756 1502 laudabilem

247 1515 360 1549 Urbs
385 1516 405 1547 b
417 1519 512 1548 eata
528 1517 812 1552 Hierusalem.

876 1178 908 1209 3.
934 1177 1076 1209 Aeterna
1101 1176 1218 1209 Christi
1245 1184 1374 1207 munera

935 1223 955 1256 J
957 1233 1007 1255 am
1033 1225 1163 1263 gustans
1189 1232 1247 1262 sup
1252 1231 1286 1254 er
1311 1222 1452 1263 aethera,

938 1271 1117 1313 Precamur,
1145 1271 1234 1303 solve
1258 1270 1397 1310 vincula,

935 1318 959 1350 O
986 1318 1180 1359 gloriosa
1205 1317 1380 1350 domina.

875 1377 907 1408 4.
935 1375 1005 1407 Duc
1029 1383 1086 1407 nos
1109 1377 1217 1406 tecum
1240 1375 1283 1406 ad
1308 1374 1435 1415 gaudia,

934 1422 997 1454 Ubi
1025 1430 1131 1454 manes
1156 1422 1190 1454 in
1214 1422 1330 1460 patria,

931 1470 998 1503 Pax
1024 1471 1133 1501 nostra
1154 1469 1239 1510 jugis
1267 1472 1298 1500 et
1324 1469 1423 1509 quies,

932 1516 1107 1555 Christe,
1122 1517 1185 1556 qui
1200 1518 1266 1548 lux
1288 1526 1329 1549 es
1348 1518 1386 1547 et
1405 1516 1500 1549 dies.

480 1576 510 1608 5.
536 1573 621 1606 Hinc
645 1573 783 1606 minitati
807 1574 909 1615 gloria

539 1621 589 1654 Sit
612 1630 739 1661 semper
764 1625 796 1654 et
820 1622 963 1664 victoria,

539 1669 588 1700 Tu
611 1668 684 1701 finis
710 1672 744 1701 et
766 1669 971 1710 principium,

535 1716 623 1749 Rex
651 1717 841 1757 Christe,
868 1716 1011 1749 factor
1036 1717 1224 1749 omnium.

263 1781 348 1809 ssrev.
370 1781 535 1810 Othinense
554 1782 624 1817 imp.
648 1782 787 1810 Lubecae
808 1780 891 1810 1497.
913 1783 949 1810 A.
963 1797 1000 1801 —
1014 1783 1099 1810 Brev.
1121 1781 1313 1809 sleswicense
1332 1783 1402 1818 imp.
1425 1782 1502 1810 Sies-

185 1821 254 1847 wiei
277 1817 359 1848 1512.
381 1820 414 1847 Β,
436 1834 473 1838 -
494 1821 580 1848 Brev.
601 1820 802 1848 Aarhusiense
821 1821 890 1856 imp.
912 1820 1078 1849 Aarhusiae
1100 1818 1181 1848 1519.
1204 1820 1235 1848 Ο.
1256 1834 1293 1839 --
1313 1818 1339 1855 3,
1361 1817 1379 1846 2
1399 1822 1485 1856 gusta

183 1858 219 1886 B.
241 1873 280 1878 —·
301 1856 328 1891 5,
352 1856 366 1885 1
387 1858 446 1886 Hic
466 1858 595 1886 trinitati
611 1858 645 1886 B.

652 1941 713 1973 187.
743 1942 787 1973 De
807 1942 918 1973 saneta
938 1941 1035 1973 Anna.

745 2011 792 2041 Ad
813 2010 940 2040 Laudes.

186 2074 217 2108 1.
244 2073 328 2115 Lux,
356 2080 430 2105 ecce
455 2070 558 2113 fulget
583 2072 729 2113 celebris,

242 2122 310 2162 Qua
335 2120 486 2162 migravit
512 2121 551 2153 de
575 2120 717 2153 tenebris

239 2170 335 2202 Anna
359 2169 464 2201 soluta
490 2177 624 2210 corpore

239 2217 328 2250 Jam
353 2217 468 2249 lueis
494 2219 589 2249 orto
615 2217 772 2250 sidere.

179 2277 211 2310 2.
237 2275 338 2308 Matri
364 2275 546 2315 congaudet
570 2273 638 2307 filia

236 2324 326 2356 Inter
352 2325 463 2356 cantus
488 2322 643 2364 t1ipudia,

239 2371 340 2404 Simul
366 2380 437 2404 cum
462 2370 583 2403 sanctis
609 2370 755 2404 omnibus

236 2419 422 2451 Exsultet
440 2420 585 2457 eoelum
603 2419 809 2454 laudibus,

873 2073 904 2106 3.
933 2071 979 2104 Te
1007 2072 1093 2103 vexit
1117 2079 1215 2111 super
1240 2071 1380 2109 aethera,

930 2122 1018 2153 Ante
1043 2119 1097 2160 qui
1121 2119 1208 2150 suxit
1232 2118 1341 2162 ubera,

929 2167 989 2208 Qui
1014 2170 1046 2199 te
1071 2167 1112 2199 ad
1138 2167 1287 2200 thronum
1313 2167 1451 2202 sustulit.

927 2217 1145 2254 Praesepe
1169 2215 1269 2255 poni
1294 2226 1314 2257 p
1331 2216 1500 2248 ertulit.

869 2275 900 2307 4.
927 2274 1014 2306 Audi
1040 2276 1209 2314 precantes
1236 2274 1379 2306 servulos

928 2323 966 2355 In
991 2324 1048 2354 tua
1071 2321 1169 2353 laude
1195 2321 1334 2362 sedulos,

931 2369 983 2402 Da
1005 2370 1098 2402 nobis
1123 2367 1187 2401 frui
1213 2378 1272 2410 per
1298 2370 1425 2402 saecula

928 2419 1119 2450 Aeterua
1143 2417 1256 2450 coeli
1282 2418 1436 2458 gloria.

1287 2472 1305 2502 8
1315 2472 1330 2488 *
