1653 2637
732 134 989 169 -194—

617 247 683 280 329.
715 248 757 279 De
780 248 886 279 saneto
907 247 1102 285 Hieronymo.

736 325 770 354 In
790 324 816 353 2.
837 323 986 362 Vesperis.

207 394 238 427 1.
264 396 380 436 Pange,
414 395 532 434 lingua,
559 394 690 435 gloriosi
891 396 922 427 5.
949 394 1081 427 Inclitus
1105 394 1264 435 interpres
1289 402 1384 425 verus

310 442 459 475 Doctoris
484 443 697 482 praeconium,
995 441 1122 474 Nedum
1147 449 1258 474 sacrae
1283 441 1429 481 paginae,

265 490 365 532 Actis,
393 489 489 522 verbo
514 490 657 529 pretiosi,
946 488 1039 521 Fecit
1062 491 1166 529 plura,
1193 489 1306 529 quibus
1332 489 1436 520 clerus

311 537 497 569 Venerantis
522 536 703 575 Dominum,
995 536 1110 577 Fulget
1132 546 1202 568 cum
1225 536 1388 576 indagine,

261 584 306 616 Et
331 585 472 616 exaltent
493 585 630 616 amorosi
948 583 1061 617 Brevis
1086 593 1211 624 semper
1236 587 1269 615 et
1292 583 1434 616 sincerus

311 631 474 664 Celebrem
500 631 738 671 Hieronymum.
995 632 1090 664 Clara
1114 633 1153 664 de
1177 632 1363 672 propagine.

229 712 236 720 .
263 688 399 728 Literas,
426 687 560 728 linguas,
588 688 742 720 elementa
888 689 919 721 6.
947 687 1071 720 Lucens
1097 689 1276 729 ardensque
1301 688 1442 729 lucerna,

308 735 391 767 Fere
415 735 505 766 novit
530 736 678 776 omnium,
994 735 1087 767 Fecit
1110 745 1194 776 nam,
1221 736 1305 776 quod
1332 736 1448 776 docuit,

262 782 325 814 Sed
351 781 542 822 frequentius
574 785 748 814 commenta
944 783 1071 815 Morum
1099 784 1229 815 sedulus
1254 783 1408 822 pincerna

309 830 466 862 Perorans
493 830 666 870 gentilium,
992 830 1160 863 Universis
1185 829 1317 871 profuit,

264 877 380 909 Caesus
406 876 500 916 liquit
525 877 713 910 documenta
946 877 1022 911 Obit
1047 878 1164 910 docens
1189 879 1230 910 ad
1256 886 1396 918 superna

310 923 458 964 Amplius
483 924 643 958 similium.
991 925 1146 965 Migrans,
1170 925 1251 957 nulli
1274 926 1393 960 nocuit.

226 1005 234 1012 .
261 980 337 1012 Sese
361 983 445 1012 totus
471 981 648 1021 segregavit
887 983 918 1015 7.
944 981 1043 1021 TaliS,
1070 985 1186 1023 tantus,
1215 983 1327 1014 doctor
1351 985 1470 1025 sancte,

308 1029 346 1060 Iu
377 1036 456 1067 opus
483 1027 682 1070 dominicum,
991 1028 1083 1061 Divis
1108 1030 1141 1061 in
1168 1029 1315 1069 oraculis,

263 1075 305 1107 Se
332 1075 458 1107 divinae
478 1076 673 1115 mancipavit
943 1078 980 1109 In
1008 1076 1139 1108 decessu
1164 1080 1238 1117 post
1262 1080 1293 1107 et
1319 1079 1391 1108 ante

309 1122 400 1164 Legi,
426 1130 580 1161 quaerens
605 1124 731 1155 unicum
992 1122 1164 1163 Stupendis
1191 1124 1351 1156 miraculis

260 1168 321 1200 Dei
348 1169 486 1207 verbum,
513 1170 560 1201 sic
584 1170 733 1202 lustravit
943 1171 1024 1203 Late
1050 1171 1151 1204 clares
1176 1172 1245 1204 Deo
1273 1171 1378 1212 dante,

307 1216 373 1248 Iter
399 1217 623 1257 evangelicum,
990 1218 1057 1250 Nos
1083 1220 1219 1251 emunda
1244 1219 1386 1252 maculis,

227 1297 235 1305 .
263 1273 421 1305 Irrcratus
447 1274 527 1304 coeli
552 1283 624 1305 rore
885 1276 915 1307 8.
942 1274 1052 1306 Hostis
1077 1274 1186 1307 fremis
1211 1276 1370 1316 vitiorum,

308 1321 462 1353 Fructum
487 1321 617 1353 multum
645 1322 787 1360 contulit,
994 1321 1087 1354 Fidei
1112 1324 1333 1365 propagulum,

261 1367 324 1399 Suo
347 1368 449 1408 legem
476 1376 546 1399 cum
569 1369 681 1401 labore
943 1368 1123 1408 Flagellum
1148 1371 1391 1413 haeretieorum,

309 1415 447 1447 Priscam
475 1423 550 1446 vere
573 1416 747 1456 transtulit,
989 1418 1122 1449 Moestis
1148 1427 1181 1450 es
1204 1418 1423 1450 umbraculum

262 1461 384 1494 Novam
410 1464 442 1492 et
467 1463 575 1494 eodem
601 1472 689 1496 more
944 1464 1077 1504 Semper
1100 1466 1201 1507 virgo,
1227 1475 1339 1498 norma
1361 1476 1494 1506 morum,

311 1509 375 1541 Sub
400 1509 501 1542 latino
526 1511 645 1545 retulit.
989 1512 1077 1543 Pede
1101 1515 1208 1545 terens
1232 1513 1391 1547 zabulum.

564 1569 594 1600 9.
622 1568 671 1601 Sit
692 1567 844 1610 jucunda,
870 1569 914 1600 sit
936 1569 1052 1601 decora

667 1615 786 1648 Summi
816 1616 898 1648 trino
924 1616 1043 1648 nomini

621 1663 706 1695 Laus
731 1664 881 1702 perennis
907 1664 991 1695 omni
1016 1663 1104 1706 hora,

672 1709 767 1749 Cujus
794 1711 875 1743 dono
901 1711 1031 1743 Domini

621 1758 699 1790 Tam
725 1758 901 1798 praeclara,
926 1759 974 1790 sic
998 1767 1114 1791 sonora

668 1805 786 1846 Fulget
809 1806 879 1838 laus
903 1806 1103 1847 Hieronymi.

275 1878 376 1914 Propr.
398 1879 620 1908 Boseoducense
641 1882 709 1916 imp.
731 1880 919 1917 Antwerpiae
938 1891 961 1909 s.
986 1890 1010 1909 a.

612 1999 679 2031 330.
711 1999 756 2030 De
774 2001 880 2032 sancto
901 2001 1097 2040 Hieronymo.

225 2093 231 2099 .
259 2068 376 2100 Sancte
401 2070 512 2101 doctor
536 2070 741 2111 Hieronyme,
885 2073 915 2104 3.
942 2070 1083 2103 Refulsit
1107 2073 1209 2104 omnis
1235 2074 1353 2105 veritas

256 2113 346 2147 Inter
372 2117 517 2148 doctores
541 2117 688 2157 maxime,
945 2117 1188 2159 Cardinalisque
1214 2120 1362 2162 dignitas,

259 2162 391 2194 Clarens
415 2163 448 2195 in
474 2164 574 2195 sacris
598 2165 712 2203 literis,
942 2167 1121 2198 Paternalis
1147 2167 1326 2210 insignitas,

259 2208 432 2250 Refulgens
457 2208 514 2242 flos
539 2212 571 2242 in
598 2211 732 2251 superis
942 2211 1035 2244 Vitae
1061 2216 1167 2246 castae
1191 2215 1370 2250 sinceritas.

225 2293 231 2300 ,
258 2266 320 2297 Ars
346 2276 461 2299 ornans
487 2273 518 2298 te
543 2268 734 2307 rhethorica,
883 2269 915 2301 4.
942 2269 988 2301 Te
1016 2270 1067 2301 leo
1092 2269 1184 2303 ferox
1210 2273 1369 2312 quaeritat

259 2313 296 2346 In
324 2314 389 2346 vita
412 2314 484 2354 plus
510 2314 661 2353 theorica,
942 2316 1109 2349 Sanandus
1134 2322 1230 2359 atque
1257 2320 1373 2361 visitat,

258 2361 430 2393 Damnavit
460 2362 652 2402 Ciceronica,
943 2363 1136 2396 Salvandum
1161 2375 1196 2398 se
1219 2376 1283 2398 non
1308 2368 1455 2416 haesitat,

258 2409 351 2441 Nunc
372 2410 476 2442 salvat
496 2418 548 2442 ars
574 2412 605 2441 te
629 2410 743 2450 polica.
944 2411 1072 2444 Sei-vire
1095 2413 1155 2445 tibi
1180 2423 1214 2446 se
1238 2414 1320 2449 litat.
