1653 2637
648 116 810 153 —268
871 135 903 141 *—

382 218 414 251 4.
441 217 502 250 111e
527 224 712 256 responsum
737 214 852 247 meruit
878 221 1051 253 supernum

438 263 490 296 Ne
512 265 602 303 prius
627 265 760 295 mortem
784 263 960 302 pateretur,
986 268 1086 300 usque

441 311 552 344 Carnis
578 311 724 343 indutum
749 309 861 341 trabea
886 310 1047 339 tonantem

489 358 641 391 cerneret
664 358 759 390 ulnis,

383 417 413 449 5.
439 415 541 455 Virgo
569 414 642 447 dum
671 412 821 453 templum
847 411 947 444 filium
973 410 1107 450 ferebat,

444 462 540 502 Legis
566 464 601 493 ut
624 461 689 493 ritu
714 460 849 492 Domino
877 459 1009 496 dicaret,

441 509 575 542 Obviam
600 508 689 539 venit
712 507 849 549 Simeon,
879 509 1010 538 vocatus

489 557 582 588 Sorte
605 563 754 594 superna.

382 616 413 647 6.
440 612 580 652 Suscipit
611 611 732 645 coelum
757 610 897 643 lacrimis
923 609 1043 642 obortis

441 659 531 692 Tunc
555 667 652 691 senex
678 659 768 691 divos
792 656 936 690 referens
961 657 1107 701 honores,

443 707 590 740 Siderum
615 707 683 746 regi
706 715 806 746 puero
833 705 967 737 canebat

492 754 641 787 Carmina
663 754 779 786 laudis.

383 814 414 844 7.
441 811 545 844 Carne
566 812 632 850 jam
654 809 757 842 fessus
781 809 911 850 cupiens
935 808 1063 851 resolvi,

441 857 514 890 Non
538 859 629 889 timet
654 858 740 889 caeci
765 857 871 888 aditus
895 855 1006 897 Erebi,

439 905 522 937 Dum
549 906 610 935 cito
636 907 746 943 sperat
769 903 884 935 redimi
908 911 968 941 per
992 911 1117 941 agnum,

489 953 588 991 Quem
613 951 703 982 videt
727 953 841 982 ortum.

384 1011 414 1042 8.
442 1007 578 1040 Auferat
602 1009 729 1039 nostros
753 1016 834 1047 puer
858 1010 894 1038 ut
918 1008 1034 1048 reatus,

441 1056 541 1094 Quem
566 1055 630 1087 tuis
654 1054 755 1087 sacris
780 1053 926 1087 manibus
950 1054 1064 1093 tulisti,

443 1103 569 1143 Jugiter
593 1102 706 1134 mactis
732 1102 855 1133 meritis
881 1110 1008 1141 perora,

490 1151 583 1183 Juste
608 1149 769 1183 sacerdos.

388 1209 418 1241 9.
446 1208 531 1240 Laus
556 1207 642 1246 patri
667 1214 788 1238 summo
813 1206 982 1246 genitoque
1006 1213 1141 1246 semper,

445 1254 585 1287 Flamini
611 1262 701 1286 sacro
724 1253 818 1285 simul
844 1255 876 1283 et
901 1255 1052 1292 potestas,

444 1302 505 1342 Qui
529 1302 617 1335 Deus
642 1301 780 1341 simplex
806 1300 926 1332 ditione
949 1300 1035 1332 solus

496 1349 618 1382 Cuncta
641 1348 809 1389 gubernat.

122 1474 148 1500 L
189 1435 283 1500 ΞΒΥθν.
319 1434 509 1462 Valentinum
542 1434 612 1468 imp.
645 1432 773 1468 Neapoli
808 1429 889 1459 1489.
923 1446 944 1450 —
992 1432 1075 1459 Nach
1108 1431 1165 1458 Str.
1195 1429 1215 1458 4
1246 1431 1364 1459 Divisio
1399 1432 1437 1458 ad

150 1481 188 1501 au
209 1481 249 1501 es.

589 1571 656 1602 475.
687 1571 728 1602 De
748 1572 856 1602 sancto
878 1570 976 1602 Sixto.

389 1653 421 1687 1,
448 1651 585 1691 Christe,
610 1654 790 1683 sanctorum
817 1650 965 1691 precibus
990 1654 1116 1683 tuorum

449 1699 563 1731 Vincla
586 1699 729 1739 pollutae
753 1700 807 1738 pie
830 1699 919 1731 solve
942 1699 1078 1743 linguae,

449 1747 562 1779 cordis
587 1749 623 1778 ut
647 1747 736 1786 puris
762 1754 944 1778 resonemus
970 1747 1070 1778 antris

499 1794 647 1826 Carmina
669 1794 786 1828 laudis,

390 1853 424 1884 2.
447 1852 538 1884 Haec
563 1850 631 1882 dies
656 1850 739 1882 Sixti
761 1850 885 1882 meritis
909 1849 996 1883 beati

451 1898 584 1930 Constat,
605 1898 743 1938 jucundo
769 1898 952 1930 veneranda
975 1900 1104 1935 mundo,

454 1946 513 1984 Qui
538 1949 609 1977 tuos
633 1953 759 1985 gressus
784 1946 902 1977 meruit
925 1948 1051 1978 secutus

501 1992 663 2025 Scandere
687 1993 801 2025 caelos.

395 2051 426 2082 3.
453 2049 523 2080 Non
550 2047 612 2080 fuit
634 2049 737 2087 major
761 2048 831 2086 tibi,
857 2048 969 2089 Roma,
993 2049 1104 2081 doctor

452 2094 603 2128 Pontifex
627 2098 736 2128 sancto
761 2096 930 2135 potiorque
954 2096 1053 2137 Sixto,

454 2143 514 2181 Qui
538 2142 750 2174 nefandorum
773 2142 877 2182 potuit,
903 2143 1034 2175 deorum

503 2189 653 2221 Sternere
675 2190 839 2228 templum.

398 2249 429 2281 4.
455 2247 515 2278 Ille
549 2246 665 2278 divinis
690 2247 770 2278 adeo
794 2247 976 2287 praeceptis

454 2293 545 2327 Mitis
570 2303 608 2325 ac
632 2296 797 2336 promptus
822 2297 924 2334 paret,
949 2297 986 2325 ut
1011 2294 1163 2336 benignus

458 2341 626 2381 Sanguinis
651 2341 749 2374 rubra
773 2341 941 2373 meruisset
964 2342 1051 2375 unda

505 2388 631 2421 Gaudia
655 2389 750 2421 celsa.
