1653 2637
718 145 978 183 —199—

662 242 729 274 338.
761 241 805 274 De
825 243 931 274 sancto
952 242 1077 275 Jacobo.

211 312 240 344 1.
267 311 351 345 Dum
374 313 442 353 poli
463 313 602 353 sphaera
626 315 776 355 volvitur,

266 359 368 392 Nobis
393 370 510 393 novum
535 361 678 394 exoritur

269 407 365 440 Sidus
391 409 609 441 anniversario

267 455 317 487 De
341 456 454 489 Jacobi
480 456 644 496 martyrio.

209 513 240 546 2.
269 512 400 544 Glarent
424 512 507 545 festa
532 513 682 555 celebria,

266 561 330 593 Per
355 570 436 601 quae
459 563 618 593 monstrat
643 561 788 601 historia,

269 608 359 648 Quali
388 609 506 641 virtute
528 609 694 649 praeditus

267 656 443 695 Apostolus
468 657 510 688 sit
533 657 673 688 inclitus.

206 713 237 745 3.
265 713 328 745 Hic
355 714 529 745 decollatus
554 713 651 745 hodie

261 759 413 792 Succedit
437 761 587 792 thronum
611 761 741 801 gloriae,

264 807 405 839 Felicem
431 808 544 840 bibens
572 808 702 841 calicem

264 855 398 888 Hostem
426 856 545 888 devicit
568 856 742 895 pernicem.

897 315 929 348 4.
958 314 1054 353 Cujus
1081 314 1175 347 beata
1202 315 1349 355 dogmata

956 362 1019 394 Per
1045 363 1126 394 vasti
1152 362 1239 394 orbis
1266 363 1394 394 climata

957 408 1119 442 Credendi
1143 418 1287 441 normam
1309 410 1459 450 ingerunt

954 456 999 488 Et
1024 458 1188 490 caritatem
1220 460 1404 498 suggerunt.

922 539 928 546 .
956 514 980 546 O
1006 516 1129 553 martyr
1154 515 1338 554 apostolice,

956 561 1058 595 Jubar
1083 561 1161 602 legis
1186 562 1370 600 catholicae,

955 609 1066 641 Exora
1090 618 1149 648 pro
1174 609 1373 649 supplicibus

955 657 1025 688 Tua
1049 655 1132 689 festa
1159 657 1346 689 colentibus.

921 740 928 747 .
954 713 1041 745 Laus
1066 713 1205 745 trinitati
1233 713 1342 746 debita

955 760 1075 803 Honor,
1103 764 1254 804 potestas,
1283 762 1387 801 gloria

952 808 1141 840 Perenniter
1165 809 1208 840 sit
1233 809 1338 840 omnia

952 855 1015 887 Per
1040 857 1237 888 saeculorum
1263 856 1399 888 saecula.

281 930 401 966 Antiph.
428 939 480 958 ms.
510 930 696 959 Calcariense
722 940 797 959 saec.
822 930 865 959 16.
910 930 979 957 Cod.
1003 930 1091 957 Arch.
1112 931 1275 959 Calcaricn.
1301 931 1327 958 A
1355 929 1398 958 14.
1420 930 1454 957 A.

203 969 288 996 Brev.
309 969 499 1004 Trajectense
518 970 587 1005 imp.
611 968 753 997 Coloniae
776 968 859 997 1517.
879 969 913 996 Β.

637 1089 703 1121 339.
736 1090 780 1121 De
802 1098 842 1121 ss.
863 1088 1091 1120 Innocentibus.

206 1171 238 1203 1.
268 1170 406 1201 Verbum
432 1170 534 1210 patris
559 1170 762 1211 principium,

262 1217 373 1249 Proles
398 1218 492 1250 beata
517 1218 661 1259 coelitus,

264 1264 408 1297 Narrare
433 1274 526 1305 quem
551 1274 643 1297 nemo
668 1266 764 1306 valet,

262 1312 421 1345 Dimissus
447 1313 542 1345 terris
569 1322 739 1353 apparens.

204 1371 235 1402 2.
262 1370 366 1402 Homo
391 1370 521 1410 videris,
550 1370 662 1410 deitas,

262 1418 398 1450 Manens
424 1417 509 1457 apud
535 1420 660 1457 patrem
685 1420 721 1449 ut
752 1426 832 1455 eras,

263 1465 471 1506 Omnipotens
496 1465 665 1504 inspiceris

261 1513 456 1545 Immortalis
483 1516 515 1544 et
539 1513 688 1547 cerneris.

203 1571 233 1603 3.
260 1570 309 1602 Tu
334 1570 450 1610 priscis
476 1570 637 1602 vaticiniis

260 1618 306 1650 Te
330 1621 499 1650 venturum
524 1619 755 1660 spoponderas,

259 1666 359 1706 Ades,
386 1666 537 1698 medendi
560 1666 674 1706 pietas,

261 1714 456 1746 Cunctorum
483 1722 559 1745 cura
582 1714 726 1746 vulnera.

895 1171 927 1202 4.
954 1169 1028 1201 Tibi
1050 1170 1116 1208 jam
1142 1170 1279 1209 primum
1303 1177 1436 1200 munera

953 1216 1116 1256 Dependit
1141 1217 1322 1258 Aethiopia,

952 1264 1111 1304 Bethlem,
1138 1265 1263 1298 Judaea
1286 1264 1393 1304 patria

954 1311 1121 1351 Salemque
1146 1312 1239 1344 offert
1261 1312 1366 1345 xenia.

920 1396 926 1403 .
953 1368 1087 1408 Sanguis
1111 1370 1234 1409 primus
1261 1369 1335 1400 dum
1361 1366 1507 1400 funditur

953 1416 1107 1447 Natorum
1130 1417 1275 1456 ipsorum
1299 1419 1415 1455 strage,

950 1463 1103 1495 Edictum
1128 1465 1212 1504 regis
1236 1464 1406 1503 pervolans

952 1511 1076 1543 Occidit
1101 1510 1261 1543 infantum
1286 1511 1424 1551 agmina.

917 1593 924 1601 .
949 1568 1043 1600 Dicto
1067 1572 1216 1609 patratur
1241 1569 1334 1600 citius

949 1616 1088 1648 Herodis
1117 1626 1213 1649 saeva
1234 1616 1346 1656 jussio,

952 1664 1141 1697 Abstractos
1167 1665 1206 1696 ab
1232 1664 1384 1696 uberibus

948 1712 1066 1744 Allidit
1093 1713 1161 1745 solo
1185 1712 1342 1752 protinus

543 1772 574 1802 7.
601 1770 669 1802 Nos
700 1770 794 1802 etiam
818 1770 908 1809 sequi
932 1777 1058 1808 semper

601 1818 687 1857 Agni
711 1816 813 1849 refert
836 1817 979 1857 vestigia,

602 1866 686 1905 Quos
711 1865 846 1905 protulit
872 1873 965 1896 cruor
989 1872 1081 1895 sacer

602 1913 741 1945 Primam
766 1913 974 1953 praemittens
999 1911 1146 1945 hostiam.

277 1994 361 2021 Brev.
379 2001 432 2020 ms.
452 1990 675 2019 Lunaelacense
696 1998 771 2017 saec.
789 1987 832 2016 14.
867 1988 937 2016 Ccd.
957 1988 1052 2015 Palat.
1074 1987 1201 2015 Vindcb.
1228 1984 1301 2014 1950
1322 1986 1356 2013 A.
1377 2001 1415 2005 —
1435 1987 1520 2013 Brev.

196 2041 250 2061 ms.
271 2032 512 2060 Emmeramense
539 2037 615 2058 saec.
639 2027 682 2057 14.
717 2029 788 2056 Glm.
809 2027 963 2055 Mcnacen.
987 2023 1094 2053 14741.
1117 2026 1149 2054 B.
1170 2040 1207 2044 -—
1231 2023 1254 2059 1,
1279 2023 1293 2052 1
1315 2025 1406 2053 Verbi
1426 2026 1520 2061 patris

195 2072 256 2100 AB.
277 2085 311 2090 -
336 2069 362 2105 2,
383 2069 403 2098 4
421 2069 463 2097 Et
483 2069 612 2097 cerneris
632 2066 808 2095 immortalis
828 2067 862 2094 A.
883 2081 922 2085 ——
943 2064 970 2098 5,
993 2063 1007 2092 1
1030 2065 1154 2100 Sanguis
1178 2066 1244 2101 pius
1264 2064 1299 2091 A.
1320 2079 1358 2083 —
1378 2062 1404 2097 7,
1428 2062 1443 2090 1
1458 2063 1519 2091 Nos

197 2113 227 2138 et
248 2111 334 2147 sequi
355 2110 392 2137 A.

631 2219 700 2252 340.
731 2220 773 2251 De
793 2227 833 2250 ss.
855 2216 1083 2249 Innocentibus.

197 2305 230 2338 1.
255 2304 368 2337 Hostis
393 2303 542 2336 Herodes
567 2301 676 2343 impie,

256 2352 420 2386 Christum
447 2352 522 2383 dum
546 2350 594 2382 vis
620 2350 779 2389 occidere,

253 2400 374 2432 Pueros
398 2399 584 2433 innocentia

258 2448 362 2481 Coelis
389 2449 521 2481 coronat
545 2445 658 2486 gloria.

891 2301 922 2331 2.
948 2298 1088 2331 Matrum
1117 2302 1248 2331 caterva
1271 2298 1433 2336 personat,

950 2346 1068 2379 Collisa
1096 2344 1215 2379 deflent
1239 2345 1385 2385 pignora,

950 2394 1020 2426 Vox
1045 2394 1079 2425 in
1105 2394 1207 2427 Rama
1236 2396 1285 2425 est
1309 2392 1429 2434 audita,

949 2442 1071 2474 Rachel
1095 2444 1227 2483 plorans
1252 2444 1301 2473 tot
1324 2441 1423 2473 milia.
