<?xml version="1.0" encoding="UTF-8"?>
<!DOCTYPE html PUBLIC "-//W3C//DTD XHTML 1.0 Transitional//EN"
    "http://www.w3.org/TR/xhtml1/DTD/xhtml1-transitional.dtd">
<html xmlns="http://www.w3.org/1999/xhtml" xml:lang="en" lang="en">
 <head>
  <title>
</title>
<meta http-equiv="Content-Type" content="text/html;charset=utf-8" />
  <meta name='ocr-system' content='tesseract 3.04.00' />
  <meta name='ocr-capabilities' content='ocr_page ocr_carea ocr_par ocr_line ocrx_word'/>
</head>
<body>
  <div class='ocr_page' id='page_1' title='image "./analectahymnica23drevuoft_00233.png"; bbox 0 0 1653 2637; ppageno 0'>
   <div class='ocr_carea' id='block_1_1' title="bbox 738 137 998 173">
    <p class='ocr_par' dir='ltr' id='par_1_1' title="bbox 738 137 998 173">
     <span class='ocr_line' id='line_1_1' title="bbox 738 137 998 173; baseline 0 0"><span class='ocrx_word' id='word_1_1' title='bbox 738 137 998 173; x_wconf 48' lang='lat'>“230—</span> 
     </span>
    </p>
   </div>
   <div class='ocr_carea' id='block_1_2' title="bbox 897 234 1434 417">
    <p class='ocr_par' dir='ltr' id='par_1_2' title="bbox 897 234 1434 417">
     <span class='ocr_line' id='line_1_2' title="bbox 897 234 1394 276; baseline 0 -8"><span class='ocrx_word' id='word_1_2' title='bbox 897 236 928 268; x_wconf 88' lang='lat'>6.</span> <span class='ocrx_word' id='word_1_3' title='bbox 955 234 1040 267; x_wconf 81' lang='lat' dir='ltr'>Laus</span> <span class='ocrx_word' id='word_1_4' title='bbox 1065 234 1135 275; x_wconf 87' lang='lat' dir='ltr'>tibi,</span> <span class='ocrx_word' id='word_1_5' title='bbox 1161 244 1217 267; x_wconf 83' lang='lat' dir='ltr'>rex</span> <span class='ocrx_word' id='word_1_6' title='bbox 1242 234 1394 276; x_wconf 79' lang='lat' dir='ltr'>piissime,</span> 
     </span>
     <span class='ocr_line' id='line_1_3' title="bbox 955 282 1434 324; baseline 0 -11"><span class='ocrx_word' id='word_1_7' title='bbox 955 282 1016 320; x_wconf 75' lang='lat' dir='ltr'>Qui</span> <span class='ocrx_word' id='word_1_8' title='bbox 1039 282 1257 322; x_wconf 73' lang='lat' dir='ltr'>Margaretam</span> <span class='ocrx_word' id='word_1_9' title='bbox 1281 284 1434 324; x_wconf 84' lang='lat' dir='ltr'>virginem</span> 
     </span>
     <span class='ocr_line' id='line_1_4' title="bbox 956 330 1430 370; baseline 0 -10"><span class='ocrx_word' id='word_1_10' title='bbox 956 330 1033 361; x_wconf 85' lang='lat' dir='ltr'>Post</span> <span class='ocrx_word' id='word_1_11' title='bbox 1054 330 1160 368; x_wconf 69' lang='lat' dir='ltr'>brevis</span> <span class='ocrx_word' id='word_1_12' title='bbox 1184 331 1269 362; x_wconf 86' lang='lat' dir='ltr'>vitae</span> <span class='ocrx_word' id='word_1_13' title='bbox 1293 331 1430 370; x_wconf 77' lang='lat' dir='ltr'>spatium</span> 
     </span>
     <span class='ocr_line' id='line_1_5' title="bbox 956 376 1378 417; baseline 0.002 -10"><span class='ocrx_word' id='word_1_14' title='bbox 956 376 1079 408; x_wconf 82' lang='lat' dir='ltr'>Ornans</span> <span class='ocrx_word' id='word_1_15' title='bbox 1102 380 1186 408; x_wconf 89' lang='lat' dir='ltr'>serto</span> <span class='ocrx_word' id='word_1_16' title='bbox 1212 380 1378 417; x_wconf 83' lang='lat' dir='ltr'>perpetuo.</span> 
     </span>
    </p>
   </div>
   <div class='ocr_carea' id='block_1_3' title="bbox 214 236 790 421">
    <p class='ocr_par' dir='ltr' id='par_1_3' title="bbox 214 236 790 421">
     <span class='ocr_line' id='line_1_6' title="bbox 214 236 703 279; baseline -0.008 -7"><span class='ocrx_word' id='word_1_17' title='bbox 214 241 244 273; x_wconf 83' lang='lat'>5.</span> <span class='ocrx_word' id='word_1_18' title='bbox 270 239 334 272; x_wconf 88' lang='lat' dir='ltr'>Hic</span> <span class='ocrx_word' id='word_1_19' title='bbox 359 238 487 279; x_wconf 85' lang='lat' dir='ltr'>puellae</span> <span class='ocrx_word' id='word_1_20' title='bbox 508 236 703 269; x_wconf 82' lang='lat' dir='ltr'><strong>sermonibus</strong></span> 
     </span>
     <span class='ocr_line' id='line_1_7' title="bbox 273 285 722 324; baseline -0.007 -5"><span class='ocrx_word' id='word_1_21' title='bbox 273 286 486 320; x_wconf 79' lang='lat' dir='ltr'>Confunditur</span> <span class='ocrx_word' id='word_1_22' title='bbox 507 285 541 316; x_wconf 90' lang='lat' dir='ltr'>in</span> <span class='ocrx_word' id='word_1_23' title='bbox 568 285 722 324; x_wconf 87' lang='lat' dir='ltr'>omnibus,</span> 
     </span>
     <span class='ocr_line' id='line_1_8' title="bbox 273 332 742 373; baseline -0.009 -7"><span class='ocrx_word' id='word_1_24' title='bbox 273 333 343 366; x_wconf 83' lang='lat' dir='ltr'>Nec</span> <span class='ocrx_word' id='word_1_25' title='bbox 370 335 484 373; x_wconf 81' lang='lat' dir='ltr'>potens</span> <span class='ocrx_word' id='word_1_26' title='bbox 510 341 579 363; x_wconf 85' lang='lat' dir='ltr'>eam</span> <span class='ocrx_word' id='word_1_27' title='bbox 607 332 742 371; x_wconf 85' lang='lat' dir='ltr'>vincere,</span> 
     </span>
     <span class='ocr_line' id='line_1_9' title="bbox 272 379 790 421; baseline -0.004 -10"><span class='ocrx_word' id='word_1_28' title='bbox 272 381 371 420; x_wconf 68' lang='lat' dir='ltr'>Quam</span> <span class='ocrx_word' id='word_1_29' title='bbox 401 380 472 421; x_wconf 86' lang='lat' dir='ltr'>pius</span> <span class='ocrx_word' id='word_1_30' title='bbox 500 379 587 411; x_wconf 89' lang='lat' dir='ltr'>Deus</span> <span class='ocrx_word' id='word_1_31' title='bbox 610 381 790 419; x_wconf 63' lang='lat' dir='ltr'>protegens</span> 
     </span>
    </p>
   </div>
   <div class='ocr_carea' id='block_1_4' title="bbox 210 458 1524 650">
    <p class='ocr_par' dir='ltr' id='par_1_4' title="bbox 210 458 1524 650">
     <span class='ocr_line' id='line_1_10' title="bbox 289 458 1521 493; baseline -0.006 -1"><span class='ocrx_word' id='word_1_32' title='bbox 289 466 373 493; x_wconf 79' lang='lat' dir='ltr'>Brev.</span> <span class='ocrx_word' id='word_1_33' title='bbox 395 472 448 492; x_wconf 82' lang='lat' dir='ltr'>ms.</span> <span class='ocrx_word' id='word_1_34' title='bbox 468 464 654 491; x_wconf 79' lang='lat' dir='ltr'>Dominican.</span> <span class='ocrx_word' id='word_1_35' title='bbox 675 471 751 490; x_wconf 85' lang='lat' dir='ltr'>saec.</span> <span class='ocrx_word' id='word_1_36' title='bbox 774 459 817 488; x_wconf 98' lang='grc'>14.</span> <span class='ocrx_word' id='word_1_37' title='bbox 859 460 928 487; x_wconf 79' lang='lat' dir='ltr'>Ood.</span> <span class='ocrx_word' id='word_1_38' title='bbox 951 459 1155 488; x_wconf 78' lang='lat' dir='ltr'>Carolsruhan.</span> <span class='ocrx_word' id='word_1_39' title='bbox 1175 460 1238 487; x_wconf 87' lang='lat' dir='ltr'>Pm.</span> <span class='ocrx_word' id='word_1_40' title='bbox 1260 458 1306 487; x_wconf 85' lang='lat'>79.</span> <span class='ocrx_word' id='word_1_41' title='bbox 1326 460 1361 486; x_wconf 89' lang='lat' dir='ltr'>A.</span> <span class='ocrx_word' id='word_1_42' title='bbox 1382 473 1419 478; x_wconf 90' lang='lat'>—</span> <span class='ocrx_word' id='word_1_43' title='bbox 1441 458 1521 485; x_wconf 81' lang='lat' dir='ltr'>Orat.</span> 
     </span>
     <span class='ocr_line' id='line_1_11' title="bbox 213 493 1523 530; baseline -0.005 0"><span class='ocrx_word' id='word_1_44' title='bbox 213 511 265 530; x_wconf 84' lang='lat' dir='ltr'>ms.</span> <span class='ocrx_word' id='word_1_45' title='bbox 287 503 454 530; x_wconf 69' lang='lat' dir='ltr'>Dor-otheae</span> <span class='ocrx_word' id='word_1_46' title='bbox 477 501 513 528; x_wconf 86' lang='lat' dir='ltr'>de</span> <span class='ocrx_word' id='word_1_47' title='bbox 532 501 722 528; x_wconf 79' lang='lat' dir='ltr'>Mittelhusen</span> <span class='ocrx_word' id='word_1_48' title='bbox 749 500 819 527; x_wconf 81' lang='lat' dir='ltr'>anni</span> <span class='ocrx_word' id='word_1_49' title='bbox 845 496 926 525; x_wconf 85' lang='grc'>1449.</span> <span class='ocrx_word' id='word_1_50' title='bbox 969 498 1041 525; x_wconf 85' lang='lat' dir='ltr'>Clm.</span> <span class='ocrx_word' id='word_1_51' title='bbox 1061 499 1177 525; x_wconf 84' lang='lat' dir='ltr'>Monac.</span> <span class='ocrx_word' id='word_1_52' title='bbox 1204 495 1309 525; x_wconf 85' lang='grc'>10930.</span> <span class='ocrx_word' id='word_1_53' title='bbox 1334 498 1366 524; x_wconf 85' lang='grc' dir='ltr'>Β.</span> <span class='ocrx_word' id='word_1_54' title='bbox 1388 511 1423 515; x_wconf 94' lang='grc'>-</span> <span class='ocrx_word' id='word_1_55' title='bbox 1446 494 1477 528; x_wconf 92' lang='grc'>1,</span> <span class='ocrx_word' id='word_1_56' title='bbox 1505 493 1523 524; x_wconf 87' lang='lat'><strong>3</strong></span> 
     </span>
     <span class='ocr_line' id='line_1_12' title="bbox 211 534 1524 574; baseline -0.005 -7"><span class='ocrx_word' id='word_1_57' title='bbox 211 541 257 567; x_wconf 87' lang='lat' dir='ltr'>De</span> <span class='ocrx_word' id='word_1_58' title='bbox 276 542 359 574; x_wconf 66' lang='lat' dir='ltr'>gravi</span> <span class='ocrx_word' id='word_1_59' title='bbox 379 539 465 570; x_wconf 69' lang='lat' dir='ltr'>fehlt,</span> <span class='ocrx_word' id='word_1_60' title='bbox 494 539 534 571; x_wconf 88' lang='lat' dir='ltr'>A;</span> <span class='ocrx_word' id='word_1_61' title='bbox 563 538 679 566; x_wconf 71' lang='lat' dir='ltr'>saeculo</span> <span class='ocrx_word' id='word_1_62' title='bbox 700 538 734 565; x_wconf 93' lang='lat' dir='ltr'>A.</span> <span class='ocrx_word' id='word_1_63' title='bbox 755 551 792 555; x_wconf 91' lang='lat'>-—</span> <span class='ocrx_word' id='word_1_64' title='bbox 813 534 838 569; x_wconf 90' lang='lat'>1,</span> <span class='ocrx_word' id='word_1_65' title='bbox 857 534 877 563; x_wconf 92' lang='lat'>4</span> <span class='ocrx_word' id='word_1_66' title='bbox 895 536 936 563; x_wconf 78' lang='lat' dir='ltr'>Et</span> <span class='ocrx_word' id='word_1_67' title='bbox 955 544 1007 563; x_wconf 78' lang='lat' dir='ltr'>suo</span> <span class='ocrx_word' id='word_1_68' title='bbox 1028 544 1097 564; x_wconf 74' lang='lat' dir='ltr'>vero</span> <span class='ocrx_word' id='word_1_69' title='bbox 1118 543 1225 570; x_wconf 85' lang='lat' dir='ltr'>sponso</span> <span class='ocrx_word' id='word_1_70' title='bbox 1246 535 1287 569; x_wconf 79' lang='lat' dir='ltr'>A3</span> <span class='ocrx_word' id='word_1_71' title='bbox 1313 535 1353 562; x_wconf 87' lang='lat' dir='ltr'>Et</span> <span class='ocrx_word' id='word_1_72' title='bbox 1372 543 1425 562; x_wconf 82' lang='lat' dir='ltr'>suo</span> <span class='ocrx_word' id='word_1_73' title='bbox 1446 542 1524 561; x_wconf 89' lang='lat' dir='ltr'>nunc</span> 
     </span>
     <span class='ocr_line' id='line_1_13' title="bbox 212 572 1521 613; baseline -0.006 -8"><span class='ocrx_word' id='word_1_74' title='bbox 212 585 320 613; x_wconf 71' lang='lat' dir='ltr'>sponso</span> <span class='ocrx_word' id='word_1_75' title='bbox 337 579 369 605; x_wconf 80' lang='grc' dir='ltr'>Β.</span> <span class='ocrx_word' id='word_1_76' title='bbox 389 591 427 597; x_wconf 49' lang='grc'>,-</span> <span class='ocrx_word' id='word_1_77' title='bbox 447 574 474 608; x_wconf 82' lang='grc'>2,</span> <span class='ocrx_word' id='word_1_78' title='bbox 494 575 514 603; x_wconf 92' lang='grc'>4</span> <span class='ocrx_word' id='word_1_79' title='bbox 527 576 573 603; x_wconf 89' lang='lat' dir='ltr'>Ad</span> <span class='ocrx_word' id='word_1_80' title='bbox 592 585 712 604; x_wconf 77' lang='lat' dir='ltr'>uxorem</span> <span class='ocrx_word' id='word_1_81' title='bbox 732 576 838 602; x_wconf 76' lang='lat' dir='ltr'>ducere</span> <span class='ocrx_word' id='word_1_82' title='bbox 852 574 910 601; x_wconf 82' lang='lat' dir='ltr'>AB.</span> <span class='ocrx_word' id='word_1_83' title='bbox 932 590 969 594; x_wconf 97' lang='lat'>—</span> <span class='ocrx_word' id='word_1_84' title='bbox 986 572 1014 607; x_wconf 78' lang='lat'>4,</span> <span class='ocrx_word' id='word_1_85' title='bbox 1034 572 1055 600; x_wconf 89' lang='lat'>4</span> <span class='ocrx_word' id='word_1_86' title='bbox 1074 572 1148 600; x_wconf 83' lang='lat' dir='ltr'>fehlt</span> <span class='ocrx_word' id='word_1_87' title='bbox 1167 574 1232 600; x_wconf 88' lang='lat' dir='ltr'>eine</span> <span class='ocrx_word' id='word_1_88' title='bbox 1246 572 1340 608; x_wconf 82' lang='lat' dir='ltr'>Silbe;</span> <span class='ocrx_word' id='word_1_89' title='bbox 1362 572 1416 600; x_wconf 80' lang='lat' dir='ltr'>lies</span> <span class='ocrx_word' id='word_1_90' title='bbox 1430 572 1521 608; x_wconf 81' lang='lat' dir='ltr'>Virgo</span> 
     </span>
     <span class='ocr_line' id='line_1_14' title="bbox 210 611 1140 650; baseline -0.004 -8"><span class='ocrx_word' id='word_1_91' title='bbox 210 616 285 642; x_wconf 71' lang='lat' dir='ltr'>fuit?</span> <span class='ocrx_word' id='word_1_92' title='bbox 310 631 342 635; x_wconf 89' lang='lat'>—</span> <span class='ocrx_word' id='word_1_93' title='bbox 363 614 391 650; x_wconf 81' lang='lat'>5,</span> <span class='ocrx_word' id='word_1_94' title='bbox 410 611 428 641; x_wconf 77' lang='lat'><strong>3</strong></span> <span class='ocrx_word' id='word_1_95' title='bbox 448 614 510 641; x_wconf 81' lang='lat' dir='ltr'>Nec</span> <span class='ocrx_word' id='word_1_96' title='bbox 528 614 602 641; x_wconf 80' lang='lat' dir='ltr'>fehlt</span> <span class='ocrx_word' id='word_1_97' title='bbox 621 614 655 641; x_wconf 80' lang='lat' dir='ltr'>A.</span> <span class='ocrx_word' id='word_1_98' title='bbox 675 628 712 633; x_wconf 90' lang='lat'>—</span> <span class='ocrx_word' id='word_1_99' title='bbox 733 612 759 646; x_wconf 87' lang='lat'>6,</span> <span class='ocrx_word' id='word_1_100' title='bbox 779 611 799 639; x_wconf 91' lang='lat'>4</span> <span class='ocrx_word' id='word_1_101' title='bbox 818 614 894 639; x_wconf 85' lang='lat' dir='ltr'>serto</span> <span class='ocrx_word' id='word_1_102' title='bbox 915 614 1087 648; x_wconf 82' lang='lat' dir='ltr'>perpetuum</span> <span class='ocrx_word' id='word_1_103' title='bbox 1108 611 1140 638; x_wconf 87' lang='grc' dir='ltr'>Β.</span> 
     </span>
    </p>
   </div>
   <div class='ocr_carea' id='block_1_5' title="bbox 627 751 1121 857">
    <p class='ocr_par' dir='ltr' id='par_1_5' title="bbox 627 751 1121 857">
     <span class='ocr_line' id='line_1_15' title="bbox 627 751 1121 791; baseline -0.008 -7"><span class='ocrx_word' id='word_1_104' title='bbox 627 752 698 784; x_wconf 87' lang='grc'>405.</span> <span class='ocrx_word' id='word_1_105' title='bbox 733 753 776 783; x_wconf 90' lang='lat' dir='ltr'>De</span> <span class='ocrx_word' id='word_1_106' title='bbox 797 751 907 782; x_wconf 78' lang='lat' dir='ltr'>sancta</span> <span class='ocrx_word' id='word_1_107' title='bbox 927 751 1121 791; x_wconf 79' lang='lat' dir='ltr'>Margareta.</span> 
     </span>
     <span class='ocr_line' id='line_1_16' title="bbox 764 827 962 857; baseline -0.005 -1"><span class='ocrx_word' id='word_1_108' title='bbox 764 827 814 856; x_wconf 87' lang='lat' dir='ltr'>Ad</span> <span class='ocrx_word' id='word_1_109' title='bbox 833 827 962 857; x_wconf 81' lang='lat' dir='ltr'>Laudes.</span> 
     </span>
    </p>
   </div>
   <div class='ocr_carea' id='block_1_6' title="bbox 210 907 779 1089">
    <p class='ocr_par' dir='ltr' id='par_1_6' title="bbox 210 907 779 1089">
     <span class='ocr_line' id='line_1_17' title="bbox 210 907 669 948; baseline -0.004 -8"><span class='ocrx_word' id='word_1_110' title='bbox 210 909 241 941; x_wconf 88' lang='lat'>1.</span> <span class='ocrx_word' id='word_1_111' title='bbox 267 907 421 939; x_wconf 82' lang='lat' dir='ltr'>Solemnis</span> <span class='ocrx_word' id='word_1_112' title='bbox 447 907 514 939; x_wconf 88' lang='lat' dir='ltr'>dies</span> <span class='ocrx_word' id='word_1_113' title='bbox 539 908 669 948; x_wconf 87' lang='lat' dir='ltr'>virginis</span> 
     </span>
     <span class='ocr_line' id='line_1_18' title="bbox 273 955 706 996; baseline -0.002 -9"><span class='ocrx_word' id='word_1_114' title='bbox 273 955 459 987; x_wconf 83' lang='lat' dir='ltr'>Celebretur</span> <span class='ocrx_word' id='word_1_115' title='bbox 485 963 554 985; x_wconf 76' lang='lat' dir='ltr'>cum</span> <span class='ocrx_word' id='word_1_116' title='bbox 579 955 706 996; x_wconf 75' lang='lat' dir='ltr'>gaudio,</span> 
     </span>
     <span class='ocr_line' id='line_1_19' title="bbox 270 1002 779 1040; baseline -0.004 -6"><span class='ocrx_word' id='word_1_117' title='bbox 270 1002 356 1040; x_wconf 78' lang='lat' dir='ltr'>Quae</span> <span class='ocrx_word' id='word_1_118' title='bbox 381 1010 495 1034; x_wconf 86' lang='lat' dir='ltr'>novam</span> <span class='ocrx_word' id='word_1_119' title='bbox 522 1002 600 1033; x_wconf 89' lang='lat' dir='ltr'>dans</span> <span class='ocrx_word' id='word_1_120' title='bbox 627 1002 779 1033; x_wconf 78' lang='lat' dir='ltr'>laetitiam</span> 
     </span>
     <span class='ocr_line' id='line_1_20' title="bbox 272 1049 740 1089; baseline 0 -8"><span class='ocrx_word' id='word_1_121' title='bbox 272 1049 425 1089; x_wconf 87' lang='lat' dir='ltr'>Supremo</span> <span class='ocrx_word' id='word_1_122' title='bbox 452 1049 547 1080; x_wconf 91' lang='lat' dir='ltr'>choro</span> <span class='ocrx_word' id='word_1_123' title='bbox 572 1049 740 1089; x_wconf 87' lang='lat' dir='ltr'>virginum.</span> 
     </span>
    </p>
   </div>
   <div class='ocr_carea' id='block_1_7' title="bbox 212 1124 788 1306">
    <p class='ocr_par' dir='ltr' id='par_1_7' title="bbox 212 1124 788 1306">
     <span class='ocr_line' id='line_1_21' title="bbox 212 1124 695 1164; baseline -0.002 -7"><span class='ocrx_word' id='word_1_124' title='bbox 212 1127 244 1157; x_wconf 83' lang='lat'>2.</span> <span class='ocrx_word' id='word_1_125' title='bbox 271 1124 374 1164; x_wconf 86' lang='lat' dir='ltr'>Caput</span> <span class='ocrx_word' id='word_1_126' title='bbox 399 1125 545 1158; x_wconf 85' lang='lat' dir='ltr'>draconis</span> <span class='ocrx_word' id='word_1_127' title='bbox 570 1125 695 1156; x_wconf 84' lang='lat' dir='ltr'>horridi</span> 
     </span>
     <span class='ocr_line' id='line_1_22' title="bbox 272 1171 776 1212; baseline -0.002 -8"><span class='ocrx_word' id='word_1_128' title='bbox 272 1171 405 1204; x_wconf 85' lang='lat' dir='ltr'>Calcans</span> <span class='ocrx_word' id='word_1_129' title='bbox 432 1172 519 1212; x_wconf 90' lang='lat' dir='ltr'>virgo</span> <span class='ocrx_word' id='word_1_130' title='bbox 545 1172 603 1203; x_wconf 88' lang='lat' dir='ltr'>sub</span> <span class='ocrx_word' id='word_1_131' title='bbox 629 1172 776 1212; x_wconf 74' lang='lat' dir='ltr'>pedibus,</span> 
     </span>
     <span class='ocr_line' id='line_1_23' title="bbox 271 1220 788 1261; baseline -0.002 -11"><span class='ocrx_word' id='word_1_132' title='bbox 271 1220 330 1258; x_wconf 77' lang='lat' dir='ltr'>Qui</span> <span class='ocrx_word' id='word_1_133' title='bbox 362 1220 501 1251; x_wconf 88' lang='lat' dir='ltr'>clamans</span> <span class='ocrx_word' id='word_1_134' title='bbox 525 1228 604 1250; x_wconf 86' lang='lat' dir='ltr'>voce</span> <span class='ocrx_word' id='word_1_135' title='bbox 627 1220 788 1261; x_wconf 82' lang='lat' dir='ltr'>quaerula,</span> 
     </span>
     <span class='ocr_line' id='line_1_24' title="bbox 270 1266 694 1306; baseline 0 -8"><span class='ocrx_word' id='word_1_136' title='bbox 270 1266 315 1299; x_wconf 77' lang='lat' dir='ltr'>Ut</span> <span class='ocrx_word' id='word_1_137' title='bbox 335 1267 397 1298; x_wconf 89' lang='lat' dir='ltr'>sibi</span> <span class='ocrx_word' id='word_1_138' title='bbox 423 1266 511 1306; x_wconf 85' lang='lat' dir='ltr'>virgo</span> <span class='ocrx_word' id='word_1_139' title='bbox 537 1270 694 1306; x_wconf 78' lang='lat' dir='ltr'>parceret.</span> 
     </span>
    </p>
   </div>
   <div class='ocr_carea' id='block_1_8' title="bbox 896 905 1366 1080">
    <p class='ocr_par' dir='ltr' id='par_1_8' title="bbox 896 905 1366 1080">
     <span class='ocr_line' id='line_1_25' title="bbox 896 905 1351 945; baseline -0.004 -7"><span class='ocrx_word' id='word_1_140' title='bbox 896 907 927 938; x_wconf 82' lang='lat'>3.</span> <span class='ocrx_word' id='word_1_141' title='bbox 953 906 1048 938; x_wconf 79' lang='lat' dir='ltr'>Felix</span> <span class='ocrx_word' id='word_1_142' title='bbox 1074 905 1183 945; x_wconf 84' lang='lat' dir='ltr'>puella</span> <span class='ocrx_word' id='word_1_143' title='bbox 1207 905 1351 937; x_wconf 79' lang='lat' dir='ltr'>caeditur</span> 
     </span>
     <span class='ocr_line' id='line_1_26' title="bbox 952 953 1315 992; baseline -0.003 -8"><span class='ocrx_word' id='word_1_144' title='bbox 952 955 1003 984; x_wconf 83' lang='lat' dir='ltr'>Ac</span> <span class='ocrx_word' id='word_1_145' title='bbox 1025 953 1167 984; x_wconf 81' lang='lat' dir='ltr'>laniatur</span> <span class='ocrx_word' id='word_1_146' title='bbox 1189 953 1315 992; x_wconf 86' lang='lat' dir='ltr'>ungulis</span> 
     </span>
     <span class='ocr_line' id='line_1_27' title="bbox 953 999 1366 1040; baseline 0 -8"><span class='ocrx_word' id='word_1_147' title='bbox 953 999 1145 1040; x_wconf 83' lang='lat' dir='ltr'>Ignibusque</span> <span class='ocrx_word' id='word_1_148' title='bbox 1171 999 1366 1032; x_wconf 77' lang='lat' dir='ltr'>comburitur</span> 
     </span>
     <span class='ocr_line' id='line_1_28' title="bbox 953 1046 1324 1080; baseline 0.005 -2"><span class='ocrx_word' id='word_1_149' title='bbox 953 1047 996 1078; x_wconf 85' lang='lat' dir='ltr'>Et</span> <span class='ocrx_word' id='word_1_150' title='bbox 1023 1047 1106 1080; x_wconf 85' lang='lat' dir='ltr'>dolio</span> <span class='ocrx_word' id='word_1_151' title='bbox 1131 1046 1324 1080; x_wconf 86' lang='lat' dir='ltr'>immittitur.</span> 
     </span>
    </p>
   </div>
   <div class='ocr_carea' id='block_1_9' title="bbox 895 1122 1521 1305">
    <p class='ocr_par' dir='ltr' id='par_1_9' title="bbox 895 1122 1521 1305">
     <span class='ocr_line' id='line_1_29' title="bbox 895 1122 1429 1163; baseline 0 -8"><span class='ocrx_word' id='word_1_152' title='bbox 895 1125 927 1156; x_wconf 79' lang='lat'>4.</span> <span class='ocrx_word' id='word_1_153' title='bbox 954 1123 1098 1155; x_wconf 82' lang='lat' dir='ltr'>Tandem</span> <span class='ocrx_word' id='word_1_154' title='bbox 1129 1122 1218 1162; x_wconf 87' lang='lat' dir='ltr'>virgo</span> <span class='ocrx_word' id='word_1_155' title='bbox 1243 1123 1429 1163; x_wconf 82' lang='lat' dir='ltr'>Margareta</span> 
     </span>
     <span class='ocr_line' id='line_1_30' title="bbox 956 1169 1426 1211; baseline 0 -9"><span class='ocrx_word' id='word_1_156' title='bbox 956 1170 1009 1202; x_wconf 88' lang='lat' dir='ltr'>Ad</span> <span class='ocrx_word' id='word_1_157' title='bbox 1042 1169 1264 1202; x_wconf 85' lang='lat' dir='ltr'>decollandum</span> <span class='ocrx_word' id='word_1_158' title='bbox 1291 1171 1426 1211; x_wconf 82' lang='lat' dir='ltr'>ducitur,</span> 
     </span>
     <span class='ocr_line' id='line_1_31' title="bbox 955 1218 1412 1257; baseline 0.007 -10"><span class='ocrx_word' id='word_1_159' title='bbox 955 1218 1042 1257; x_wconf 76' lang='lat' dir='ltr'>Quae</span> <span class='ocrx_word' id='word_1_160' title='bbox 1066 1227 1102 1249; x_wconf 90' lang='lat' dir='ltr'>se</span> <span class='ocrx_word' id='word_1_161' title='bbox 1127 1219 1159 1248; x_wconf 87' lang='lat' dir='ltr'>et</span> <span class='ocrx_word' id='word_1_162' title='bbox 1183 1218 1232 1249; x_wconf 88' lang='lat' dir='ltr'>sui</span> <span class='ocrx_word' id='word_1_163' title='bbox 1256 1226 1412 1250; x_wconf 87' lang='lat' dir='ltr'>memores</span> 
     </span>
     <span class='ocr_line' id='line_1_32' title="bbox 957 1264 1521 1305; baseline 0.002 -8"><span class='ocrx_word' id='word_1_164' title='bbox 957 1264 1100 1305; x_wconf 81' lang='lat' dir='ltr'>Supplex</span> <span class='ocrx_word' id='word_1_165' title='bbox 1125 1264 1261 1297; x_wconf 89' lang='lat' dir='ltr'>Domino</span> <span class='ocrx_word' id='word_1_166' title='bbox 1288 1266 1521 1298; x_wconf 87' lang='lat' dir='ltr'>commendans.</span> 
     </span>
    </p>
   </div>
   <div class='ocr_carea' id='block_1_10' title="bbox 613 1330 1118 1371">
    <p class='ocr_par' dir='ltr' id='par_1_10' title="bbox 613 1330 1118 1371">
     <span class='ocr_line' id='line_1_33' title="bbox 613 1330 1118 1371; baseline -0.002 -6"><span class='ocrx_word' id='word_1_167' title='bbox 613 1334 644 1365; x_wconf 89' lang='lat'>5.</span> <span class='ocrx_word' id='word_1_168' title='bbox 670 1333 756 1365; x_wconf 87' lang='lat' dir='ltr'>Laus</span> <span class='ocrx_word' id='word_1_169' title='bbox 782 1330 850 1369; x_wconf 90' lang='lat' dir='ltr'>tibi,</span> <span class='ocrx_word' id='word_1_170' title='bbox 882 1340 939 1363; x_wconf 83' lang='lat' dir='ltr'>rex</span> <span class='ocrx_word' id='word_1_171' title='bbox 963 1332 1118 1371; x_wconf 84' lang='lat' dir='ltr'>piissime.</span> 
     </span>
    </p>
   </div>
   <div class='ocr_carea' id='block_1_11' title="bbox 210 1413 1527 1527">
    <p class='ocr_par' dir='ltr' id='par_1_11' title="bbox 210 1413 1527 1527">
     <span class='ocr_line' id='line_1_34' title="bbox 288 1413 1524 1450; baseline 0.002 -8"><span class='ocrx_word' id='word_1_172' title='bbox 288 1415 373 1443; x_wconf 82' lang='lat' dir='ltr'>Brev.</span> <span class='ocrx_word' id='word_1_173' title='bbox 400 1423 454 1442; x_wconf 86' lang='lat' dir='ltr'>ms.</span> <span class='ocrx_word' id='word_1_174' title='bbox 482 1415 668 1443; x_wconf 81' lang='lat' dir='ltr'>Dominican.</span> <span class='ocrx_word' id='word_1_175' title='bbox 696 1424 770 1443; x_wconf 88' lang='lat' dir='ltr'>saec.</span> <span class='ocrx_word' id='word_1_176' title='bbox 800 1413 843 1442; x_wconf 85' lang='grc'>14.</span> <span class='ocrx_word' id='word_1_177' title='bbox 891 1414 959 1442; x_wconf 85' lang='lat' dir='ltr'>Cod.</span> <span class='ocrx_word' id='word_1_178' title='bbox 987 1415 1196 1444; x_wconf 82' lang='lat' dir='ltr'>Carolsruhan.</span> <span class='ocrx_word' id='word_1_179' title='bbox 1223 1416 1286 1443; x_wconf 85' lang='lat' dir='ltr'>Pm.</span> <span class='ocrx_word' id='word_1_180' title='bbox 1313 1415 1358 1444; x_wconf 84' lang='lat'>79.</span> <span class='ocrx_word' id='word_1_181' title='bbox 1383 1433 1421 1437; x_wconf 97' lang='lat'><strong>—</strong></span> <span class='ocrx_word' id='word_1_182' title='bbox 1445 1413 1477 1450; x_wconf 83' lang='lat'>2,</span> <span class='ocrx_word' id='word_1_183' title='bbox 1507 1414 1524 1444; x_wconf 87' lang='lat'><strong>3</strong></span> 
     </span>
     <span class='ocr_line' id='line_1_35' title="bbox 214 1451 1527 1491; baseline 0.001 -12"><span class='ocrx_word' id='word_1_184' title='bbox 214 1453 295 1486; x_wconf 77' lang='lat' dir='ltr'>Quae</span> <span class='ocrx_word' id='word_1_185' title='bbox 317 1453 455 1480; x_wconf 83' lang='lat' dir='ltr'>clamans.</span> <span class='ocrx_word' id='word_1_186' title='bbox 476 1467 513 1471; x_wconf 97' lang='lat'>—</span> <span class='ocrx_word' id='word_1_187' title='bbox 537 1451 564 1488; x_wconf 82' lang='lat'>2,</span> <span class='ocrx_word' id='word_1_188' title='bbox 584 1452 604 1480; x_wconf 86' lang='grc'>4</span> <span class='ocrx_word' id='word_1_189' title='bbox 623 1454 734 1481; x_wconf 86' lang='lat' dir='ltr'>Fehlen</span> <span class='ocrx_word' id='word_1_190' title='bbox 753 1454 825 1480; x_wconf 79' lang='lat' dir='ltr'>zwei</span> <span class='ocrx_word' id='word_1_191' title='bbox 845 1452 961 1489; x_wconf 82' lang='lat' dir='ltr'>Silben3</span> <span class='ocrx_word' id='word_1_192' title='bbox 988 1456 1072 1491; x_wconf 85' lang='lat' dir='ltr'>virgo</span> <span class='ocrx_word' id='word_1_193' title='bbox 1094 1455 1221 1490; x_wconf 69' lang='lat' dir='ltr'>ergiinzt.</span> <span class='ocrx_word' id='word_1_194' title='bbox 1242 1470 1280 1474; x_wconf 91' lang='lat'><strong>—</strong></span> <span class='ocrx_word' id='word_1_195' title='bbox 1300 1455 1325 1490; x_wconf 73' lang='grc' dir='ltr'>ὃ,</span> <span class='ocrx_word' id='word_1_196' title='bbox 1346 1453 1364 1482; x_wconf 83' lang='grc'><strong>2</strong></span> <span class='ocrx_word' id='word_1_197' title='bbox 1383 1456 1427 1483; x_wconf 88' lang='lat' dir='ltr'>Ac</span> <span class='ocrx_word' id='word_1_198' title='bbox 1445 1454 1527 1481; x_wconf 86' lang='lat' dir='ltr'>lania</span> 
     </span>
     <span class='ocr_line' id='line_1_36' title="bbox 210 1489 1282 1527; baseline 0.001 -10"><span class='ocrx_word' id='word_1_199' title='bbox 210 1491 338 1526; x_wconf 77' lang='lat' dir='ltr'>ungulis.</span> <span class='ocrx_word' id='word_1_200' title='bbox 361 1506 397 1510; x_wconf 47' lang='grc' dir='ltr'><strong>τ</strong></span> <span class='ocrx_word' id='word_1_201' title='bbox 415 1489 443 1523; x_wconf 88' lang='lat'>4,</span> <span class='ocrx_word' id='word_1_202' title='bbox 464 1489 481 1517; x_wconf 72' lang='lat'><strong>3</strong></span> <span class='ocrx_word' id='word_1_203' title='bbox 502 1491 543 1517; x_wconf 82' lang='lat' dir='ltr'>Et</span> <span class='ocrx_word' id='word_1_204' title='bbox 563 1500 638 1527; x_wconf 77' lang='lat' dir='ltr'>quae</span> <span class='ocrx_word' id='word_1_205' title='bbox 659 1500 699 1518; x_wconf 76' lang='lat' dir='ltr'>se.</span> <span class='ocrx_word' id='word_1_206' title='bbox 720 1506 757 1510; x_wconf 91' lang='lat'>—</span> <span class='ocrx_word' id='word_1_207' title='bbox 776 1489 804 1526; x_wconf 89' lang='lat'>4,</span> <span class='ocrx_word' id='word_1_208' title='bbox 824 1489 845 1518; x_wconf 88' lang='lat'>4</span> <span class='ocrx_word' id='word_1_209' title='bbox 865 1489 959 1526; x_wconf 77' lang='lat' dir='ltr'>Super</span> <span class='ocrx_word' id='word_1_210' title='bbox 979 1492 1043 1520; x_wconf 87' lang='lat' dir='ltr'>Deo</span> <span class='ocrx_word' id='word_1_211' title='bbox 1067 1493 1282 1520; x_wconf 79' lang='lat' dir='ltr'>commendans.</span> 
     </span>
    </p>
   </div>
   <div class='ocr_carea' id='block_1_12' title="bbox 627 1628 1115 1736">
    <p class='ocr_par' dir='ltr' id='par_1_12' title="bbox 627 1628 1115 1736">
     <span class='ocr_line' id='line_1_37' title="bbox 627 1628 1115 1671; baseline 0.006 -13"><span class='ocrx_word' id='word_1_212' title='bbox 627 1628 695 1659; x_wconf 84' lang='lat'>406.</span> <span class='ocrx_word' id='word_1_213' title='bbox 726 1629 769 1659; x_wconf 82' lang='lat' dir='ltr'>De</span> <span class='ocrx_word' id='word_1_214' title='bbox 790 1629 900 1659; x_wconf 77' lang='lat' dir='ltr'>saneta</span> <span class='ocrx_word' id='word_1_215' title='bbox 919 1629 1115 1671; x_wconf 77' lang='lat' dir='ltr'>illargareta.</span> 
     </span>
     <span class='ocr_line' id='line_1_38' title="bbox 772 1704 965 1736; baseline 0.016 -3"><span class='ocrx_word' id='word_1_216' title='bbox 772 1704 819 1733; x_wconf 90' lang='lat' dir='ltr'>Ad</span> <span class='ocrx_word' id='word_1_217' title='bbox 837 1705 965 1736; x_wconf 84' lang='lat' dir='ltr'>Laudes.</span> 
     </span>
    </p>
   </div>
   <div class='ocr_carea' id='block_1_13' title="bbox 214 1781 728 2049">
    <p class='ocr_par' dir='ltr' id='par_1_13' title="bbox 214 1781 728 2049">
     <span class='ocr_line' id='line_1_39' title="bbox 214 1781 715 1822; baseline -0.004 -7"><span class='ocrx_word' id='word_1_218' title='bbox 214 1782 244 1815; x_wconf 92' lang='lat'>1.</span> <span class='ocrx_word' id='word_1_219' title='bbox 271 1783 389 1822; x_wconf 84' lang='lat' dir='ltr'>Pange,</span> <span class='ocrx_word' id='word_1_220' title='bbox 415 1781 532 1821; x_wconf 86' lang='lat' dir='ltr'>lingua,</span> <span class='ocrx_word' id='word_1_221' title='bbox 559 1782 715 1821; x_wconf 78' lang='lat' dir='ltr'>gloriosae</span> 
     </span>
     <span class='ocr_line' id='line_1_40' title="bbox 316 1828 679 1869; baseline -0.003 -9"><span class='ocrx_word' id='word_1_222' title='bbox 316 1828 457 1869; x_wconf 86' lang='lat' dir='ltr'>Virginis</span> <span class='ocrx_word' id='word_1_223' title='bbox 482 1829 679 1868; x_wconf 82' lang='lat' dir='ltr'>martyrium,</span> 
     </span>
     <span class='ocr_line' id='line_1_41' title="bbox 271 1875 725 1915; baseline -0.002 -7"><span class='ocrx_word' id='word_1_224' title='bbox 271 1876 422 1908; x_wconf 71' lang='lat' dir='ltr'>Gammae</span> <span class='ocrx_word' id='word_1_225' title='bbox 443 1875 540 1914; x_wconf 84' lang='lat' dir='ltr'>jubar</span> <span class='ocrx_word' id='word_1_226' title='bbox 564 1877 725 1915; x_wconf 83' lang='lat' dir='ltr'>pretiosae</span> 
     </span>
     <span class='ocr_line' id='line_1_42' title="bbox 317 1922 728 1967; baseline -0.002 -12"><span class='ocrx_word' id='word_1_227' title='bbox 317 1922 500 1955; x_wconf 89' lang='lat' dir='ltr'>Descendat</span> <span class='ocrx_word' id='word_1_228' title='bbox 522 1923 553 1953; x_wconf 93' lang='lat' dir='ltr'>in</span> <span class='ocrx_word' id='word_1_229' title='bbox 580 1923 728 1967; x_wconf 76' lang='lat' dir='ltr'>medium,</span> 
     </span>
     <span class='ocr_line' id='line_1_43' title="bbox 269 1970 694 2003; baseline -0.002 -1"><span class='ocrx_word' id='word_1_230' title='bbox 269 1970 317 2003; x_wconf 87' lang='lat' dir='ltr'>Ut</span> <span class='ocrx_word' id='word_1_231' title='bbox 343 1971 482 2002; x_wconf 83' lang='lat' dir='ltr'>illustret</span> <span class='ocrx_word' id='word_1_232' title='bbox 506 1970 694 2001; x_wconf 87' lang='lat' dir='ltr'>tenebrosae</span> 
     </span>
     <span class='ocr_line' id='line_1_44' title="bbox 317 2017 664 2049; baseline -0.006 0"><span class='ocrx_word' id='word_1_233' title='bbox 317 2017 435 2049; x_wconf 79' lang='lat' dir='ltr'>Mentis</span> <span class='ocrx_word' id='word_1_234' title='bbox 462 2017 664 2048; x_wconf 86' lang='lat' dir='ltr'>domicilium.</span> 
     </span>
    </p>
   </div>
   <div class='ocr_carea' id='block_1_14' title="bbox 214 2092 730 2361">
    <p class='ocr_par' dir='ltr' id='par_1_14' title="bbox 214 2092 730 2361">
     <span class='ocr_line' id='line_1_45' title="bbox 214 2092 730 2133; baseline -0.002 -8"><span class='ocrx_word' id='word_1_235' title='bbox 214 2095 244 2125; x_wconf 84' lang='lat'>2.</span> <span class='ocrx_word' id='word_1_236' title='bbox 271 2093 369 2133; x_wconf 86' lang='lat' dir='ltr'>Virgo</span> <span class='ocrx_word' id='word_1_237' title='bbox 394 2092 505 2132; x_wconf 87' lang='lat' dir='ltr'>poenis</span> <span class='ocrx_word' id='word_1_238' title='bbox 527 2093 594 2131; x_wconf 78' lang='lat' dir='ltr'>J&#39;am</span> <span class='ocrx_word' id='word_1_239' title='bbox 619 2094 730 2124; x_wconf 83' lang='lat' dir='ltr'>attrita</span> 
     </span>
     <span class='ocr_line' id='line_1_46' title="bbox 318 2140 650 2179; baseline -0.006 -7"><span class='ocrx_word' id='word_1_240' title='bbox 318 2140 458 2172; x_wconf 91' lang='lat' dir='ltr'>Obscuro</span> <span class='ocrx_word' id='word_1_241' title='bbox 492 2140 650 2179; x_wconf 88' lang='lat' dir='ltr'>ergastulo</span> 
     </span>
     <span class='ocr_line' id='line_1_47' title="bbox 269 2188 728 2225; baseline -0.002 -6"><span class='ocrx_word' id='word_1_242' title='bbox 269 2188 504 2223; x_wconf 79' lang='lat' dir='ltr'>Praesentatur‚</span> <span class='ocrx_word' id='word_1_243' title='bbox 529 2188 728 2225; x_wconf 80' lang='lat' dir='ltr'>praemunita</span> 
     </span>
     <span class='ocr_line' id='line_1_48' title="bbox 317 2233 607 2273; baseline -0.003 -7"><span class='ocrx_word' id='word_1_244' title='bbox 317 2234 411 2266; x_wconf 90' lang='lat' dir='ltr'>Fidei</span> <span class='ocrx_word' id='word_1_245' title='bbox 436 2233 607 2273; x_wconf 86' lang='lat' dir='ltr'>signaculo,</span> 
     </span>
     <span class='ocr_line' id='line_1_49' title="bbox 271 2279 665 2322; baseline -0.003 -8"><span class='ocrx_word' id='word_1_246' title='bbox 271 2281 361 2314; x_wconf 79' lang='lat' dir='ltr'>Genu</span> <span class='ocrx_word' id='word_1_247' title='bbox 385 2279 494 2322; x_wconf 86' lang='lat' dir='ltr'>flectit,</span> <span class='ocrx_word' id='word_1_248' title='bbox 525 2283 596 2312; x_wconf 90' lang='lat' dir='ltr'>orat</span> <span class='ocrx_word' id='word_1_249' title='bbox 619 2281 665 2313; x_wconf 87' lang='lat' dir='ltr'>ita</span> 
     </span>
     <span class='ocr_line' id='line_1_50' title="bbox 317 2328 682 2361; baseline -0.003 0"><span class='ocrx_word' id='word_1_250' title='bbox 317 2328 396 2361; x_wconf 83' lang='lat' dir='ltr'>Gum</span> <span class='ocrx_word' id='word_1_251' title='bbox 421 2328 535 2360; x_wconf 69' lang='lat' dir='ltr'>devoto</span> <span class='ocrx_word' id='word_1_252' title='bbox 560 2329 682 2360; x_wconf 85' lang='lat' dir='ltr'>animo:</span> 
     </span>
    </p>
   </div>
   <div class='ocr_carea' id='block_1_15' title="bbox 895 1786 1481 2065">
    <p class='ocr_par' dir='ltr' id='par_1_15' title="bbox 895 1786 1481 2065">
     <span class='ocr_line' id='line_1_51' title="bbox 895 1786 1355 1830; baseline 0.013 -13"><span class='ocrx_word' id='word_1_253' title='bbox 895 1786 925 1818; x_wconf 81' lang='lat'>3.</span> <span class='ocrx_word' id='word_1_254' title='bbox 952 1786 1119 1819; x_wconf 88' lang='lat' dir='ltr'>Inimicum</span> <span class='ocrx_word' id='word_1_255' title='bbox 1144 1788 1222 1820; x_wconf 90' lang='lat' dir='ltr'>mihi</span> <span class='ocrx_word' id='word_1_256' title='bbox 1247 1791 1355 1830; x_wconf 84' lang='lat' dir='ltr'>pande</span> 
     </span>
     <span class='ocr_line' id='line_1_52' title="bbox 999 1835 1404 1879; baseline 0.01 -13"><span class='ocrx_word' id='word_1_257' title='bbox 999 1835 1056 1866; x_wconf 86' lang='lat' dir='ltr'>Me</span> <span class='ocrx_word' id='word_1_258' title='bbox 1079 1835 1239 1868; x_wconf 88' lang='lat' dir='ltr'>volentem</span> <span class='ocrx_word' id='word_1_259' title='bbox 1263 1838 1404 1879; x_wconf 81' lang='lat' dir='ltr'>laedere,</span> 
     </span>
     <span class='ocr_line' id='line_1_53' title="bbox 952 1881 1481 1928; baseline 0.006 -15"><span class='ocrx_word' id='word_1_260' title='bbox 952 1881 1021 1913; x_wconf 87' lang='lat' dir='ltr'>Nec</span> <span class='ocrx_word' id='word_1_261' title='bbox 1046 1891 1096 1914; x_wconf 93' lang='lat' dir='ltr'>me</span> <span class='ocrx_word' id='word_1_262' title='bbox 1117 1883 1213 1924; x_wconf 83' lang='lat' dir='ltr'>sinas,</span> <span class='ocrx_word' id='word_1_263' title='bbox 1240 1886 1319 1918; x_wconf 86' lang='lat' dir='ltr'>Jesu</span> <span class='ocrx_word' id='word_1_264' title='bbox 1345 1886 1481 1928; x_wconf 81' lang='lat' dir='ltr'>Christe,</span> 
     </span>
     <span class='ocr_line' id='line_1_54' title="bbox 998 1929 1351 1976; baseline 0.014 -16"><span class='ocrx_word' id='word_1_265' title='bbox 998 1929 1178 1962; x_wconf 82' lang='lat' dir='ltr'>Tormentis</span> <span class='ocrx_word' id='word_1_266' title='bbox 1206 1931 1351 1976; x_wconf 86' lang='lat' dir='ltr'>deficere,</span> 
     </span>
     <span class='ocr_line' id='line_1_55' title="bbox 951 1974 1388 2013; baseline 0.016 -7"><span class='ocrx_word' id='word_1_267' title='bbox 951 1974 1016 2007; x_wconf 88' lang='lat' dir='ltr'>Sed</span> <span class='ocrx_word' id='word_1_268' title='bbox 1042 1977 1119 2009; x_wconf 85' lang='lat' dir='ltr'>dare</span> <span class='ocrx_word' id='word_1_269' title='bbox 1145 1979 1388 2013; x_wconf 78' lang='lat' dir='ltr'>conchristianis</span> 
     </span>
     <span class='ocr_line' id='line_1_56' title="bbox 999 2021 1425 2065; baseline 0.016 -11"><span class='ocrx_word' id='word_1_270' title='bbox 999 2021 1123 2055; x_wconf 89' lang='lat' dir='ltr'>firmam</span> <span class='ocrx_word' id='word_1_271' title='bbox 1147 2034 1237 2065; x_wconf 86' lang='lat' dir='ltr'>spem</span> <span class='ocrx_word' id='word_1_272' title='bbox 1261 2028 1425 2060; x_wconf 85' lang='lat' dir='ltr'>victoriae.</span> 
     </span>
    </p>
   </div>
   <div class='ocr_carea' id='block_1_16' title="bbox 894 2095 1490 2375">
    <p class='ocr_par' dir='ltr' id='par_1_16' title="bbox 894 2095 1490 2375">
     <span class='ocr_line' id='line_1_57' title="bbox 894 2095 1490 2140; baseline 0.018 -14"><span class='ocrx_word' id='word_1_273' title='bbox 894 2097 925 2127; x_wconf 85' lang='lat'>4.</span> <span class='ocrx_word' id='word_1_274' title='bbox 951 2095 1025 2129; x_wconf 84' lang='lat' dir='ltr'>Vox</span> <span class='ocrx_word' id='word_1_275' title='bbox 1049 2100 1236 2140; x_wconf 85' lang='lat' dir='ltr'>completur,</span> <span class='ocrx_word' id='word_1_276' title='bbox 1262 2112 1336 2134; x_wconf 88' lang='lat' dir='ltr'>mox</span> <span class='ocrx_word' id='word_1_277' title='bbox 1361 2105 1490 2137; x_wconf 86' lang='lat' dir='ltr'>videtur</span> 
     </span>
     <span class='ocr_line' id='line_1_58' title="bbox 999 2144 1406 2183; baseline 0.02 -8"><span class='ocrx_word' id='word_1_278' title='bbox 999 2144 1143 2179; x_wconf 85' lang='lat' dir='ltr'>Daemon</span> <span class='ocrx_word' id='word_1_279' title='bbox 1168 2149 1250 2179; x_wconf 89' lang='lat' dir='ltr'>‘tanti</span> <span class='ocrx_word' id='word_1_280' title='bbox 1275 2150 1406 2183; x_wconf 87' lang='lat' dir='ltr'>sceleris</span> 
     </span>
     <span class='ocr_line' id='line_1_59' title="bbox 950 2190 1411 2236; baseline 0.017 -15"><span class='ocrx_word' id='word_1_281' title='bbox 950 2190 1004 2230; x_wconf 80' lang='lat' dir='ltr'>Et,</span> <span class='ocrx_word' id='word_1_282' title='bbox 1033 2192 1107 2224; x_wconf 88' lang='lat' dir='ltr'>dum</span> <span class='ocrx_word' id='word_1_283' title='bbox 1131 2198 1226 2232; x_wconf 83' lang='lat' dir='ltr'>parat</span> <span class='ocrx_word' id='word_1_284' title='bbox 1253 2196 1411 2236; x_wconf 78' lang='lat' dir='ltr'>deglutire</span> 
     </span>
     <span class='ocr_line' id='line_1_60' title="bbox 1000 2238 1443 2290; baseline 0.02 -21"><span class='ocrx_word' id='word_1_285' title='bbox 1000 2238 1123 2278; x_wconf 81' lang='lat' dir='ltr'>Corpus</span> <span class='ocrx_word' id='word_1_286' title='bbox 1146 2244 1277 2273; x_wconf 87' lang='lat' dir='ltr'>sanctae</span> <span class='ocrx_word' id='word_1_287' title='bbox 1302 2243 1443 2290; x_wconf 82' lang='lat' dir='ltr'>virginis,</span> 
     </span>
     <span class='ocr_line' id='line_1_61' title="bbox 952 2284 1381 2324; baseline 0.019 -9"><span class='ocrx_word' id='word_1_288' title='bbox 952 2284 1129 2324; x_wconf 83' lang='lat' dir='ltr'>Superatur</span> <span class='ocrx_word' id='word_1_289' title='bbox 1155 2289 1187 2317; x_wconf 89' lang='lat' dir='ltr'>et</span> <span class='ocrx_word' id='word_1_290' title='bbox 1212 2288 1381 2323; x_wconf 79' lang='lat' dir='ltr'>damnatur</span> 
     </span>
     <span class='ocr_line' id='line_1_62' title="bbox 999 2331 1376 2375; baseline 0.024 -13"><span class='ocrx_word' id='word_1_291' title='bbox 999 2331 1088 2364; x_wconf 78' lang='lat' dir='ltr'>Nutu</span> <span class='ocrx_word' id='word_1_292' title='bbox 1111 2334 1226 2365; x_wconf 83' lang='lat' dir='ltr'>summi</span> <span class='ocrx_word' id='word_1_293' title='bbox 1247 2336 1376 2375; x_wconf 81' lang='lat' dir='ltr'>judicis.</span> 
     </span>
    </p>
   </div>
   <div class='ocr_carea' id='block_1_17' title="bbox 289 2410 969 2448">
    <p class='ocr_par' dir='ltr' id='par_1_17' title="bbox 289 2410 969 2448">
     <span class='ocr_line' id='line_1_63' title="bbox 289 2410 969 2448; baseline 0.003 -7"><span class='ocrx_word' id='word_1_294' title='bbox 289 2414 374 2441; x_wconf 84' lang='lat' dir='ltr'>Brev.</span> <span class='ocrx_word' id='word_1_295' title='bbox 394 2410 593 2440; x_wconf 84' lang='lat' dir='ltr'>Aarhusiense</span> <span class='ocrx_word' id='word_1_296' title='bbox 611 2413 680 2448; x_wconf 91' lang='lat' dir='ltr'>imp.</span> <span class='ocrx_word' id='word_1_297' title='bbox 702 2413 865 2441; x_wconf 85' lang='lat' dir='ltr'>Aarhusiae</span> <span class='ocrx_word' id='word_1_298' title='bbox 886 2412 969 2443; x_wconf 87' lang='grc'>1519.</span> 
     </span>
    </p>
   </div>
  </div>
 </body>
</html>
