1653 2637
731 134 989 170 —203-

888 233 920 265 4.
947 233 1096 265 Praestet
1118 231 1180 264 hoe
1204 234 1299 272 pater
1324 232 1462 265 omnium

948 281 1010 313 Per
1033 289 1124 312 suum
1148 280 1354 320 unigenitum,

947 329 1010 362 Per
1036 328 1153 360 almum
1178 336 1301 369 quoque
1327 329 1475 369 spiritum

946 376 1035 409 Dans
1061 377 1245 417 angelorum
1270 376 1430 417 gaudium.

201 231 234 264 3.
261 231 308 264 Ut
332 232 420 272 virgo
447 231 515 264 sine
540 232 674 273 macula,

260 278 388 319 Martyr
414 280 518 311 elarus
545 288 615 312 cum
641 289 767 320 corona,

259 326 340 358 Fers
365 325 460 359 flores
483 327 573 368 virgo
600 328 755 360 candidas

257 373 302 406 Et
326 379 362 408 ut
385 377 509 415 martyr
533 384 724 415 purpureas.

276 450 397 487 Antiph.
425 459 476 478 ms.
498 451 614 479 Veteris
634 452 809 479 Monasterii
834 460 910 479 saec.
933 450 978 479 15,
1019 451 1089 480 Cod.
1109 452 1276 489 Maguntin.
1299 449 1362 479 138.
1382 467 1419 471 -
1443 449 1475 481 3,
1505 450 1519 479 1

198 489 291 524 Virgo
313 490 378 517 sine
398 490 522 517 macula.

545 610 613 642 346.
643 611 676 643 In
698 610 913 643 Decollatione
933 620 955 643 s.
976 611 1128 642 Joliannis
1147 610 1181 642 Β,

733 688 782 718 Ad
801 689 993 719 Nocturnum.

890 769 920 800 3.
949 768 993 801 Ut
1019 768 1116 800 donet
1142 767 1226 800 Deus
1251 776 1404 808 spernere

946 816 1102 848 Mundum
1130 824 1200 847 eum
1225 825 1281 847 suo
1307 815 1454 857 principe

948 864 991 896 Et
1014 867 1089 903 post
1112 866 1237 902 tempus
1262 863 1402 895 volubile

204 769 232 800 1.
261 767 401 809 Fulgens
426 768 558 800 lucerna
582 771 756 808 martyrum

261 815 419 856 Sidusque
445 817 525 848 coeli
550 824 690 855 aureum,

260 863 308 894 Te
332 872 497 904 speramus
522 864 728 904 praecipuum

259 911 459 943 Placatorem
490 912 576 952 apud
600 911 713 943 Deum.
949 911 1015 943 Nos
1042 919 1111 942 eum
1140 910 1265 943 Christo
1290 919 1465 952 resurgere.

200 970 231 1000 2.
259 968 405 1000 Nominis
429 969 476 1000 tui
502 969 635 1010 gloriam
893 969 925 1001 4.
952 969 1099 1001 Praestet
1122 968 1183 999 hoe
1206 970 1300 1007 pater
1324 969 1462 1000 omnium

263 1015 419 1048 Canentes
446 1017 543 1048 corde
567 1016 710 1048 inclitam
948 1016 1010 1048 Per
1034 1024 1125 1047 suum
1148 1015 1355 1054 unigenitum,

259 1063 307 1095 Tu
333 1063 433 1096 funde
457 1072 580 1104 preces,
608 1072 807 1104 quaesumus,
947 1064 1012 1096 Per
1034 1063 1151 1094 almum
1175 1071 1300 1102 quoque
1323 1062 1481 1102 spiritum,

260 1111 323 1143 Pro
348 1111 451 1152 nobis,
477 1114 611 1151 martyr,
637 1111 805 1151 propitiae.
949 1110 1038 1142 Dans
1063 1111 1247 1151 angelorum
1272 1110 1431 1150 gaudium.

274 1186 395 1222 Antiph.
421 1194 475 1212 ms.
494 1186 612 1214 Veteris
632 1186 807 1213 Monasterii
833 1194 908 1213 saec.
932 1184 976 1213 15.
1017 1184 1086 1212 Ood.
1107 1185 1273 1221 Maguntin.
1299 1182 1361 1212 123.
1383 1200 1419 1204 —
1440 1182 1457 1210 :⁸
1497 1183 1517 1212 4

199 1224 405 1289 ξιέῗὲῂὲῑέἶιτὺγι·
431 1222 614 1259 promptius?
642 1240 673 1244 μ-
699 1224 744 1251 Ist
765 1224 809 1251 als
830 1224 939 1252 divisio
961 1224 1011 1251 des
1030 1222 1288 1259 vorhergehenden
1309 1222 1444 1257 Hymnus
1467 1224 1515 1250 be-

541 1385 607 1416 347.
637 1385 670 1416 ln
691 1384 906 1416 Decollatione
927 1392 951 1415 s.
973 1383 1123 1415 Johannis
1144 1383 1175 1414 B.

756 1461 804 1490 Ad
823 1460 962 1490 Tertiam.

199 1543 228 1575 1.
257 1541 430 1584 Johannes,
457 1543 580 1582 martyr
604 1539 744 1581 Domini,
889 1541 919 1573 5.
946 1539 1006 1578 Qui
1029 1541 1095 1570 tam
1122 1539 1225 1570 clarus
1252 1538 1314 1570 Dei
1339 1538 1436 1570 laude

257 1589 419 1622 Gabrielis
445 1589 629 1629 archangeli

256 1637 343 1669 Voce
367 1637 453 1678 patri
475 1636 674 1678 promittitur

255 1685 300 1717 Et
320 1685 418 1717 matri
444 1684 496 1716 diu
522 1684 634 1716 sterili.

197 1746 230 1778 2.
256 1742 381 1774 Nomen
408 1742 497 1780 cujus
520 1744 553 1773 et
576 1742 724 1773 meritum

256 1790 450 1823 Declaratur
472 1798 533 1830 per
558 1789 715 1829 angelum,

257 1837 339 1870 Nam
364 1837 451 1878 patri
479 1838 533 1869 dat
561 1837 719 1877 eloquium

258 1886 361 1918 Natus
388 1888 421 1917 et
444 1885 552 1917 multis
578 1885 738 1925 gaudium.

195 1947 227 1979 3.
256 1945 281 1978 O
309 1943 428 1978 Christi
454 1942 688 1975 testimonium!

253 1993 343 2025 Inter
368 1994 459 2024 natos
485 1991 653 2023 mulierum

253 2040 355 2073 Nemo
380 2040 528 2074 Johanne
552 2038 657 2079 altior,

256 2089 339 2121 Nam
364 2088 533 2130 prophetis
558 2087 734 2119 sublimior.

192 2151 225 2183 4.
252 2147 415 2180 «Iohannes
440 2146 543 2186 major
564 2145 703 2186 homine,

255 2196 393 2237 Compar
418 2194 541 2236 angelis
566 2193 684 2235 utique,

252 2243 454 2284 Virginitatis
478 2242 643 2283 speculum

253 2291 304 2323 Ac
327 2290 482 2323 trinitatis
508 2290 642 2323 medius.

887 1741 918 1772 6.

945 1587 1008 1619 Pro
1034 1586 1229 1619 Herodiadis
1255 1585 1379 1626 fraude,

947 1636 1012 1668 Pro
1039 1634 1194 1666 castitatis
1219 1637 1331 1666 tenore

942 1682 1130 1715 Decollatur
1154 1682 1188 1713 in
1215 1689 1353 1714 earcere.

944 1740 1084 1780 Fulgens
1108 1740 1241 1771 lucerna
1265 1741 1441 1778 martyrum

947 1787 1106 1826 Sidusque
1132 1786 1212 1818 coeli
1236 1795 1376 1828 aureum,

945 1835 991 1867 Te
1021 1844 1186 1874 speramus
1211 1834 1419 1875 praecipuum

943 1884 1145 1916 Placatorem
1171 1883 1258 1922 apud
1282 1882 1396 1915 Deum.

943 1941 1042 1974 Festa
1067 1941 1113 1973 tui
1138 1940 1286 1980 martyrii

944 1989 1091 2022 Colentes
1116 1989 1247 2029 placare
1271 1988 1333 2020 sibi

944 2038 1135 2078 Ducensque
1159 2044 1219 2076 per
1243 2035 1409 2068 victoriam

945 2085 1154 2126 Resurgentis
1181 2085 1222 2117 ad
1247 2084 1393 2125 gloriam.

946 2142 1058 2176 Gloria
1082 2142 1152 2183 tibi,
1178 2141 1326 2183 Domine,

943 2191 1004 2231 Qui
1028 2190 1209 2223 sublimasti
1232 2190 1330 2223 hodie

945 2240 1122 2272 :Iohannem
1149 2238 1229 2271 coeli
1256 2239 1388 2279 civibus,

943 2287 1011 2320 Nos
1036 2287 1102 2320 illis
1125 2287 1233 2328 junge,
1259 2296 1461 2328 quaesumus,

271 2365 391 2402 Antiph.
417 2373 471 2392 ms.
494 2365 612 2392 Veteris
638 2364 815 2392 Monasterii
841 2371 917 2390 saec.
945 2361 990 2390 15.
1038 2362 1107 2391 Ood.
1134 2364 1301 2399 Maguntin.
1331 2361 1394 2393 138.
1419 2364 1454 2392 A.
1480 2378 1517 2383 ——-

192 2406 298 2433 Diurn.
330 2413 383 2431 ms.
411 2403 527 2431 Veteris
551 2403 728 2430 Monasterii
757 2410 834 2429 saec.
866 2399 907 2428 14.
953 2400 1021 2428 Ood.
1048 2402 1213 2439 Maguntin.
1246 2402 1285 2430 Π.
1319 2400 1385 2431 342.
1411 2404 1445 2431 B.
1479 2418 1515 2423 -

192 2442 269 2472 Mel:
289 2442 372 2469 Deus
391 2443 508 2468 tuorum
527 2440 664 2468 militum.
