1653 2637
715 113 976 150 *263*

183 209 214 243 3.
240 208 293 242 Ex
318 208 421 251 regali
445 210 599 251 prosapia

240 257 321 299 Regi
355 258 485 291 coelesti
511 259 642 303 placuit,

240 305 388 337 Electum
420 316 517 347 super
542 307 631 339 milia

243 352 405 392 Quaerens
431 355 564 395 invenit,
590 356 703 387 tenuit.

181 412 213 444 4.
242 409 420 451 Conjuncta
446 412 526 444 coeli
553 412 674 444 civibus

239 459 335 491 Vitae
360 463 491 499 potatur
514 459 654 500 flumine,

243 506 369 539 Divinis
396 516 513 540 vacans
539 508 687 540 laudibus

241 553 365 587 Lumen
390 556 471 588 vidit
497 555 530 587 in
555 555 683 589 lumine.

876 215 908 248 5.
934 213 1035 246 Laeta
1059 216 1168 255 stupet
1191 215 1310 248 vicinia

933 261 1062 294 Fractis
1088 266 1221 295 naturae
1245 264 1374 304 regulis,

933 308 1016 341 Dum
1042 318 1100 349 per
1127 311 1194 350 ejus
1219 310 1369 352 suffragia

935 357 1088 390 Miranda
1110 357 1192 390 fiunt
1217 360 1361 392 saeculis,

900 440 907 446 .
936 415 1018 446 Laus
1041 416 1128 454 patri
1153 415 1195 447 sit
1218 424 1256 447 ac
1281 417 1386 455 genito

936 461 1099 502 Simulque
1123 466 1232 495 sancto
1257 461 1386 502 flamini,

936 510 981 542 Ut
1007 509 1206 550 Regenfledis
1231 512 1344 544 merito

936 556 1004 589 Nos
1030 558 1111 590 coeli
1132 558 1268 598 jungant
1291 559 1416 599 agmini.

257 620 468 657 Apographum
494 622 635 650 ecclesiae
660 623 691 649 in
717 622 869 658 Hoenepel
898 631 974 651 saec.
1005 620 1078 650 ¹⁸!19.
1103 639 1141 643 -
1167 623 1232 659 Vgl.
1259 623 1315 651 den
1334 624 1500 653 Elisabeth-

182 658 319 693 Hymnus
340 660 427 688 Anal.
449 659 501 694 IV,
525 657 589 687 130.

598 750 666 782 465.
696 751 740 782 De
761 753 870 783 sancta
890 751 1086 791 Regenssede.

749 819 798 849 Ad
817 819 946 849 Laudes.

184 887 215 919 1.
242 886 404 926 Hymnum
429 896 531 920 novae
555 888 698 920 laetitiae

240 934 321 975 Regi
348 943 497 967 canamus
524 936 671 976 omnium,

240 982 300 1021 Qui
326 981 512 1022 Regenfiedi
541 983 671 1015 inclitae

245 1028 333 1061 Coeli
361 1030 417 1062 dat
441 1031 531 1070 regni
556 1030 680 1063 solium.

873 892 904 923 4.
932 889 969 921 In
995 890 1062 928 eJ'us
1086 898 1170 921 nunc
1194 891 1365 930 praeconia

932 936 1087 976 Linguam
1113 937 1219 969 solvat
1244 938 1387 977 ecclesia,

935 983 1071 1024 Virginis
1097 993 1207 1016 sacrae
1231 985 1364 1026 gloriam

931 1031 1060 1063 Promat
1086 1033 1245 1071 sperando
1270 1033 1403 1064 veniam.

185 1088 216 1119 2.
242 1086 428 1119 Monstrant
456 1087 541 1119 clare
565 1088 729 1126 miracula,
873 1090 903 1121 5.
930 1087 1035 1126 Ipsius
1061 1097 1119 1128 per
1144 1091 1176 1119 te
1201 1088 1349 1128 precibus

243 1134 368 1173 Quanta
393 1135 434 1166 sit
457 1135 491 1166 in
518 1135 717 1174 coelestibuS,

243 1181 388 1220 Morbos,
414 1184 548 1225 pestem,
576 1183 719 1222 pericula

243 1229 315 1261 Suis
341 1228 482 1269 fugando
507 1230 669 1270 precibus.

182 1287 213 1319 3.
241 1285 325 1318 Dum
351 1295 412 1319 ava
437 1295 532 1320 caeca
557 1287 666 1320 visitat

240 1333 361 1365 Beatae
384 1334 479 1374 hujus
504 1335 658 1366 tumulum

243 1380 388 1422 Ejusque
413 1391 505 1422 opem
533 1383 607 1415 dum
632 1385 713 1421 orat,

245 1429 354 1460 Visum
381 1430 503 1470 recepit
527 1430 708 1470 pristinum.

933 1134 1108 1168 Justificari
1134 1136 1304 1176 poscimus,

931 1182 975 1214 Ut
1003 1185 1078 1222 post
1102 1184 1187 1214 vitae
1211 1183 1355 1215 miserias

932 1230 1059 1262 Coelum
1086 1230 1176 1262 nobis
1203 1230 1338 1270 aperias.

897 1312 902 1318 .
931 1286 1029 1319 Trino
1054 1286 1122 1319 Deo
1148 1289 1180 1318 et
1204 1288 1342 1327 simplici

932 1333 981 1365 Sit
1005 1335 1199 1374 sempiterna
1223 1335 1333 1375 gloria,

933 1381 993 1419 Qui
1017 1382 1159 1421 praemio
1182 1383 1353 1422 multiplici

933 1429 1080 1461 Sanctam
1111 1434 1204 1461 ornat
1228 1431 1260 1461 in
1286 1431 1400 1470 patria.

260 1493 472 1531 Apographum
492 1494 629 1523 Ecclesia
651 1497 682 1523 in
702 1495 856 1531 Hoenepel
875 1503 951 1522 saec.
974 1492 1047 1522 “Ma

594 1587 662 1619 466.
692 1587 735 1618 De
757 1587 869 1618 sancta
889 1585 1099 1625 Regiswinde.

872 1661 903 1692 5.
931 1658 1049 1691 Nutrix
1075 1658 1212 1691 Satanae
1235 1657 1363 1698 profani

930 1705 1031 1737 Suasu
1056 1706 1193 1738 verbera
1217 1706 1358 1747 germani

239 1754 435 1794 Martyrium
460 1757 493 1785 et
515 1754 631 1786 merit-a
930 1753 1051 1786 Ulcisci
1077 1754 1185 1785 volens
1210 1754 1356 1792 nequiter

243 1803 321 1836 Cole
344 1802 442 1835 laude
469 1802 587 1834 debita.
930 1800 1033 1832 Necat
1058 1801 1197 1841 puellam
1223 1800 1349 1832 acriter.

180 1862 212 1893 2.
240 1860 344 1894 Glaris
370 1860 450 1891 haec
476 1868 514 1891 ex
540 1859 738 1899 parentibuS,
871 1860 902 1892 6.
930 1858 998 1890 Nec
1020 1859 1137 1890 satiata
1160 1858 1281 1890 sceiere

239 1907 285 1940 Ut
310 1908 460 1940 illuceret
479 1907 638 1949 gentibus,
929 1904 1093 1945 Nefasque
1118 1905 1228 1938 volens
1253 1908 1361 1947 tegere

240 1957 321 1989 Orta
347 1956 455 1989 divina
480 1956 586 1996 gratia
929 1954 1107 1993 Martyrem
1135 1962 1202 1985 cum
1228 1953 1368 1986 induviis

238 2004 431 2037 Cunctorum
457 2003 498 2035 ad
524 2003 650 2036 solatia.
927 2001 1072 2042 Exponit
1096 2005 1238 2034 sanctam
1262 2000 1378 2034 fluviis.

179 2066 211 2098 3.
238 2062 360 2095 Libens
384 2061 643 2103 progenitoribus
872 2062 902 2094 7,
930 2059 1078 2092 illaesum
1107 2068 1221 2098 corpus
1245 2059 1347 2092 rivulo

239 2111 351 2143 Paruit
377 2114 409 2142 et
432 2109 618 2152 majoribuS‚
929 2107 1119 2140 Exn-actum
1151 2107 1245 2140 datur
1270 2107 1401 2150 tumulo,

240 2159 294 2191 Sic
318 2159 352 2191 in
376 2160 483 2191 aet-ate
507 2161 618 2190 tenera
930 2155 994 2188 Sed
1020 2156 1152 2195 spiritus
1177 2156 1210 2187 in
1237 2155 1342 2187 anima

183 1660 214 1693 1.
240 1660 349 1692 Mater
374 1661 485 1692 sancta
511 1659 655 1699 ecclesia,

241 1707 455 1748 Regiswindis
480 1706 644 1747 solemnia,

238 2207 358 2240 Christi
387 2207 534 2239 relucent
557 2214 665 2246 opera.
930 2203 1029 2236 Varia
1053 2204 1139 2244 cepit
1162 2202 1289 2245 gaudia.

179 2267 211 2299 4.
239 2265 361 2298 Christi
387 2265 477 2305 virgo
504 2265 578 2297 dum
605 2266 765 2296 cresceret
871 2264 902 2296 8.
928 2262 1046 2294 Laetus
1072 2262 1200 2303 praesul
1227 2261 1356 2294 oraculo

238 2312 283 2344 Et
307 2313 412 2353 gratia
435 2313 631 2345 lucresceret
929 2309 1061 2342 Sacrate
1086 2309 1294 2342 tabernaculo

238 2361 277 2393 In
304 2360 463 2400 septennii
491 2361 622 2394 dulcore
928 2357 1083 2390 Tumbam
1109 2358 1191 2390 altat
1212 2357 1357 2398 mirifice,

238 2407 501 2440 Christicolarum
526 2416 624 2450 more,
926 2406 1079 2438 intonant
1103 2414 1196 2438 voces
1222 2406 1370 2439 coelicae.
