1653 2637
694 126 954 164 ——282—

564 228 596 259 5.
622 224 673 257 Sit
696 224 833 256 trinitati
858 224 969 268 gloria,

620 274 763 305 Aeterna
787 272 856 304 laus
882 274 915 303 et
938 272 1051 304 inclita

622 319 748 351 Summo
777 319 862 358 patri
889 322 921 350 et
944 319 1010 351 filio

626 366 704 399 Cum
727 364 856 398 flamine
878 366 1045 405 paraclito.

245 443 329 470 Brev.
351 451 402 470 ms.
423 451 498 470 saec.
522 439 565 468 15.
608 440 678 468 Cod.
699 440 866 476 Sangallen.
887 439 952 468 415.
973 454 1008 460 —
1031 438 1057 474 2,
1077 439 1097 468 4
1116 441 1161 468 Ne
1180 440 1335 468 videretur.
1355 455 1393 460 --
1415 439 1441 474 3,
1465 439 1479 467 1

169 480 220 508 Sic
243 481 371 516 praesui.
400 494 435 498 —
463 479 499 512 4,
527 477 546 505 2
573 487 629 515 que
654 478 736 505 fehlt.
757 492 796 496 -
814 478 845 512 4,
868 476 887 506 3
908 487 965 514 que
983 478 1065 505 fehlt.
1090 493 1125 498 -
1147 477 1181 512 5,
1201 477 1220 505 2
1239 479 1320 505 Laus
1341 481 1371 505 et
1387 480 1483 506 virtus

170 519 282 546 inclita.
337 533 345 537 -
366 518 432 553 Vgl.
455 518 511 545 den
532 517 667 552 Hymnus
690 513 762 543 1096
783 516 831 544 bei
851 517 940 544 Monc
958 516 1013 550 m,
1034 515 1100 544 457.

624 634 693 666 500.
727 634 772 667 De
791 635 897 666 sancto
918 635 1049 667 Urbano.

725 712 773 742 Ad
792 712 950 751 Vesperas.

364 782 396 815 1.
421 780 500 814 Vita
525 784 707 813 sanctorum
731 784 906 823 martyrum
932 785 1069 824 tuorum,

419 829 518 868 Deus,
549 829 629 861 haec
652 828 734 861 festa
760 829 924 861 celebrare
947 833 1079 870 praesta

423 876 532 908 Sancti
557 876 693 917 Urbani,
719 877 878 916 praesulis
904 877 1050 916 Romani,

470 925 568 964 Quem
593 924 796 956 consecrasti.

365 982 396 1013 2.
423 980 473 1012 Tu
500 982 571 1011 tuos
595 980 697 1012 laetos
722 989 854 1012 munere
877 980 1017 1020 repletos

422 1028 589 1068 Adspectu
614 1036 690 1059 sano
717 1027 832 1059 tribuis
858 1027 1000 1067 Urbano,

422 1075 521 1114 Quem
545 1075 632 1107 clara
657 1075 734 1107 sede
757 1075 793 1107 in
819 1075 978 1107 coelorum
1003 1075 1082 1106 aede

470 1121 668 1154 Nobilitasti.

362 1181 395 1213 3.
422 1178 558 1218 Pascha,
586 1186 646 1219 quo
672 1178 774 1210 victor
799 1179 949 1219 surrexit,
974 1179 1035 1210 hoc
1061 1179 1173 1211 doctor

424 1226 515 1258 Plebi
538 1225 675 1266 glosavit
699 1235 737 1258 ac
761 1225 857 1258 factis
878 1225 1039 1266 probabit,

424 1274 502 1306 Cum
527 1282 562 1304 se
586 1277 622 1305 ut
646 1282 761 1313 agnum
785 1282 844 1313 per
868 1275 1060 1306 tormentum
1085 1283 1232 1313 magnum

472 1321 539 1353 Deo
563 1320 680 1354 litavit.

364 1379 396 1412 4.
422 1378 517 1410 Nunc
540 1378 572 1408 in
598 1377 743 1417 excelsis,
769 1377 908 1417 praesui,
937 1379 977 1410 de
1004 1378 1165 1410 conversis

422 1424 560 1465 Gaudes,
588 1426 770 1456 sanctorum
794 1433 921 1456 sumens
944 1426 1139 1465 singulorum

422 1472 570 1504 Praemia
597 1471 699 1514 digne,
728 1474 760 1502 te
786 1470 929 1503 Christus
956 1472 1091 1512 benigne

472 1517 683 1551 Glorificavit.

363 1578 395 1609 5.
420 1575 491 1606 Hoc
514 1576 606 1613 pater
629 1576 735 1605 tecum
761 1574 919 1614 disposuit
943 1584 1087 1616 aequum,

428 1622 489 1653 Pro
515 1622 664 1660 passione
688 1621 831 1661 praemia
856 1630 991 1653 coronae

422 1669 469 1700 Te
493 1671 679 1708 acceptare3
706 1669 844 1709 praesul,
876 1668 1050 1709 deprecare

473 1717 536 1749 Pro
562 1716 736 1748 sceleratis.

250 1793 353 1821 Dium.
374 1800 427 1819 ms.
447 1792 621 1819 Brisacense
641 1798 716 1817 saec.
740 1787 783 1818 15.
824 1790 894 1819 Cod.
914 1791 1087 1827 Friburgen.
1108 1791 1154 1821 56.

633 1910 695 1941 501.
724 1911 768 1942 De
788 1911 894 1942 sancto
914 1911 1047 1944 Urbano.

734 1987 783 2017 Ad
801 1987 929 2018 Laudes.

175 2059 209 2091 1.
234 2057 420 2091 orthodoxa
444 2056 588 2096 ecclesia,
858 2059 890 2092 3.
915 2059 954 2091 In
980 2059 1129 2100 dogmate
1151 2062 1335 2105 proficiens,

235 2104 346 2137 Gaude
372 2104 478 2135 colens
503 2102 656 2136 solemnia
915 2105 1032 2138 Sacrae
1052 2109 1233 2148 scripturae
1256 2111 1378 2154 sitiens,

234 2152 343 2184 Sancti
368 2152 518 2191 martyris
543 2151 680 2191 Urbani,
915 2153 1105 2187 Eradicavit
1128 2156 1240 2189 lolium

234 2198 413 2238 Apostolici
438 2198 583 2230 Romani.
916 2200 1038 2240 Papale
1063 2204 1221 2236 scandens
1246 2206 1370 2241 solium.

176 2259 208 2290 2,
235 2255 295 2295 Qui
320 2255 441 2286 Romae
461 2258 533 2286 ortu
558 2254 674 2286 nobilis
860 2257 892 2290 4.
919 2256 1088 2298 Stuporem
1113 2262 1231 2294 mundo
1256 2262 1366 2297 intulit

235 2305 359 2336 Aevum
383 2303 571 2342 praeclarae
595 2301 713 2334 sobolis
916 2304 997 2343 Ejus
1021 2306 1098 2347 vita,
1124 2316 1206 2347 quae
1231 2313 1366 2347 oontuiit

234 2352 332 2384 Bonis
358 2351 484 2382 ornavit
507 2350 647 2381 moribus
920 2352 1036 2384 Christi
1062 2353 1160 2387 fidem
1184 2358 1355 2396 gentilibus

236 2401 280 2433 Et
302 2397 482 2430 sanctitatis
506 2395 647 2430 fioribus,
918 2398 1029 2431 Robur
1053 2410 1177 2443 quoque
1201 2404 1362 2442 fidelibus.
