1653 2637
726 128 986 164 —287—

196 223 227 255 3.
256 222 354 263 Cujus
379 224 526 256 adhaesit
551 224 626 257 fidei

253 270 352 311 Virgo
380 275 565 304 constanter
590 276 622 304 et
647 275 676 306 ei

254 318 336 350 Fert
352 321 515 360 tamquam
532 320 638 352 lumen
658 318 824 365 [patulum]

254 366 351 398 Vitae
375 370 505 400 sanctae
530 368 736 408 signaculum.

197 426 231 456 4.
257 423 358 462 Quem
384 425 534 456 comitata
559 425 650 457 varia

258 472 447 511 perpetiens
475 473 635 504 contraria

256 519 402 551 Tandem
428 520 517 551 venit
539 520 736 560 Zurziacam,

257 567 379 599 Cellam
403 567 528 599 intrans
553 569 781 607 permodicam.

198 624 229 656 5.
256 623 295 655 In
321 632 385 663 qua
410 623 527 663 degens
552 626 738 666 promeruit,

256 671 346 710 Quod
372 671 440 710 eius
465 670 521 703 fini
546 670 688 710 praefuit

255 718 373 759 Maria,
402 722 503 749 mater
527 718 666 759 Domini,

255 765 411 798 Solatium
437 765 517 797 dans
543 766 670 806 virgini,

884 228 915 260 6.
943 227 968 259 Ο
995 225 1083 266 felix,
1109 226 1222 267 inquit,
1248 226 1323 266 filia,

941 276 989 307 Te
1014 277 1128 306 vocant
1150 275 1240 306 mille
1262 274 1352 305 milia

943 322 1038 362 Regis
1064 323 1186 354 aeterni
1212 322 1327 354 civium

943 369 996 401 Ad
1022 369 1158 402 coeleste
1183 369 1372 402 convivium.

909 451 914 457 .
943 427 1067 457 Verena
1091 428 1166 458 tunc
1187 426 1374 466 suspiciens,

944 473 1103 506 Gemitum
1125 474 1225 506 traxit
1248 474 1410 513 inquiens:

943 521 1015 553 Hoc
1038 521 1125 553 unde
1148 522 1227 553 mihi
1250 521 1409 560 meritum,

944 569 1035 609 Quod
1060 577 1163 601 meum
1189 578 1281 600 curas
1307 566 1454 600 obitum?

911 651 917 657 .
946 626 1132 666 Respondet
1155 627 1245 666 virgo
1270 625 1445 665 virginum:

944 673 1018 705 Huc
1043 681 1093 704 me
1116 674 1242 705 misisse
1266 673 1445 712 Dominum,

947 720 1004 753 Cui
1029 720 1166 761 servisti,
1193 720 1331 760 noveris,

944 768 1127 800 Ministram
1151 768 1197 799 tui
1222 767 1354 799 funeris.

562 824 594 856 9.
620 823 699 863 Deo,
729 824 769 856 de
795 825 883 864 cujus
908 825 1013 863 gratia

621 871 723 904 Facta
748 875 821 903 sunt
847 873 926 904 haec
950 872 1096 914 insignia,

622 918 686 952 Pro
712 920 770 951 tali
795 929 854 951 sua
879 918 998 951 famula

625 965 737 999 Gloria
763 967 807 999 sit
829 968 863 998 in
889 967 1025 999 saecula.

271 1030 404 1066 Append.
431 1039 484 1058 ms.
509 1032 585 1066 post.
613 1031 697 1059 Brev.
717 1032 1007 1059 Praemonstratense
1032 1033 1102 1066 imp.
1122 1032 1247 1059 Parisiis
1281 1028 1354 1058 1513
1405 1031 1516 1062 (Kreis-

194 1068 267 1097 bibl.
288 1068 500 1105 Regensburg).
527 1083 566 1087 —
591 1066 623 1102 2,
653 1068 668 1096 1
694 1070 768 1097 fehlt
796 1071 862 1097 eine
882 1069 978 1104 Silbe3
1006 1069 1042 1096 de
1070 1071 1197 1105 erganzt.
1219 1084 1254 1087 —
1277 1066 1308 1101 3,
1334 1066 1348 1096 Ξ
1372 1068 1446 1095 fehlt
1464 1068 1517 1094 das

194 1107 364 1135 Reimwort.
391 1121 427 1125 —
451 1105 486 1140 4,
512 1103 530 1134 3
550 1107 731 1135 Zurciacam.
760 1122 798 1126 —-
821 1106 853 1141 4,
880 1106 900 1135 4
919 1109 1033 1135 intrans
1053 1109 1273 1142 proserotieamr
1300 1121 1334 1125 —
1356 1105 1389 1138 7,
1418 1104 1432 1132 1
1454 1114 1516 1132 sus-

198 1146 320 1181 cipiens.

654 1247 708 1279 511.
738 1248 783 1279 De
805 1249 912 1279 sancto
933 1247 1070 1278 Victore.

196 1318 229 1350 1.
254 1317 352 1357 Deus,
378 1319 505 1348 tuorum
530 1317 666 1349 militum

257 1365 348 1405 Spes,
375 1373 494 1396 corona
519 1367 551 1396 et
575 1366 763 1406 praemium,

256 1413 419 1444 Victorem
447 1412 545 1444 donas
570 1412 717 1445 inclitum

253 1460 382 1492 Turbae
415 1460 561 1491 coelestis
585 1461 713 1493 socium.

195 1519 227 1551 2.
256 1517 307 1549 Ab
334 1517 466 1549 orientis
491 1516 638 1556 partibus

257 1565 335 1598 Orta
360 1564 513 1597 Thebaea
537 1564 620 1604 legio

254 1612 378 1645 Partim
402 1612 436 1644 in
461 1612 566 1644 Rheni
591 1611 707 1645 finibus

253 1661 340 1693 Data
364 1659 426 1691 fuit
450 1660 617 1699 martyrio.

197 1720 231 1751 3.
257 1717 451 1749 Decimatim
476 1716 634 1748 occiditur

255 1765 318 1797 Ille
342 1772 434 1795 sacer
460 1763 630 1801 exercitus,

258 1812 368 1844 Morte
394 1811 498 1843 carnis
524 1810 705 1850 adquiritur

258 1860 335 1892 Vita
357 1859 509 1899 perennis
535 1858 678 1898 spiritus.

887 1321 919 1352 4.
946 1318 971 1350 O
1002 1318 1110 1349 Victor
1136 1327 1205 1349 cum
1231 1317 1407 1349 victoribus

946 1365 1047 1397 Sociis
1072 1364 1159 1397 subit
1183 1365 1334 1405 gladium,

947 1412 1034 1445 Coeli
1061 1412 1174 1452 dignus
1199 1412 1373 1444 honoribus

945 1460 1077 1492 Palmae
1101 1460 1218 1499 recipit
1242 1459 1430 1499 praemium.

913 1543 920 1549 .
948 1518 1071 1555 Gaude,
1099 1515 1178 1549 felix
1202 1517 1306 1548 minor
1330 1517 1439 1555 Troja,

947 1565 997 1596 Tu
1022 1573 1104 1604 quae
1129 1565 1227 1597 tantis
1252 1564 1448 1604 martyribus

949 1612 1073 1644 Laudes
1100 1612 1213 1653 dignas
1241 1621 1310 1644 cum
1335 1612 1438 1652 gloria

946 1660 1150 1700 Hymnidieis
1178 1661 1235 1692 das
1263 1659 1419 1691 cantibus.

915 1742 920 1747 .
947 1717 1070 1748 Horum
1096 1717 1188 1749 nobis
1214 1717 1399 1748 solemnitas

949 1764 1053 1803 Digne
1076 1764 1210 1796 laudata
1234 1764 1360 1795 veniam

947 1811 1044 1850 Apud
1070 1812 1112 1849 te,
1139 1813 1251 1843 sancta
1275 1811 1414 1849 trinitas,

948 1858 1149 1897 Deprecetur
1175 1862 1203 1889 et
1231 1858 1377 1899 gratiam.

603 1916 633 1949 7.
661 1916 730 1948 Deo
754 1916 841 1956 patri
866 1916 908 1947 sit
932 1915 1044 1956 gloria.

273 1984 358 2012 Miss.
383 1991 438 2010 ms.
459 1982 644 2010 Belisianum
671 1991 747 2010 saec.
770 1979 814 2009 15.
855 1981 924 2009 Cod.
947 1981 1112 2008 Bruxellen.
1143 1978 1302 2008 9786—90.
1323 1981 1357 2007 A.
1378 1995 1416 1998 —
1437 1981 1520 2007 Brev.

197 2022 388 2058 Trajectense
407 2022 478 2057 imp.
502 2019 645 2048 Coloniae
669 2017 751 2048 1503.
774 2021 808 2050 B.
831 2034 865 2038 —
885 2020 922 2047 In
941 2020 967 2046 A
988 2019 1041 2046 auf
1057 2019 1180 2047 Gerenn.
1202 2034 1240 2038 —
1263 2017 1293 2052 1,
1321 2016 1339 2046 3
1360 2018 1520 2046 Gereonem

196 2062 249 2089 das
269 2062 310 2096 A,
336 2060 427 2088 dones
447 2060 482 2087 B.
511 2075 548 2079 —
569 2056 600 2092 3,
628 2056 646 2085 2
665 2058 722 2087 Ille
742 2060 874 2086 sacratus
895 2058 928 2085 B.
949 2072 986 2076 ——
1005 2056 1038 2090 4,
1069 2055 1083 2084 1
1107 2058 1221 2086 Gereon
1245 2065 1309 2084 cum
1330 2057 1364 2083 A.
1386 2071 1422 2075 —
1442 2054 1473 2090 4,
1501 2054 1520 2082 2

195 2101 278 2128 subis
299 2101 337 2133 B,
365 2099 449 2126 cubit
467 2097 501 2125 A.
523 2112 563 2116 —
584 2095 615 2130 4,
644 2096 665 2125 4
683 2098 790 2134 recipit
808 2097 964 2124 terminum
985 2096 1020 2123 A.
1040 2110 1079 2114 —
1099 2093 1130 2131 5,
1155 2094 1169 2123 1
1189 2095 1261 2123 felix
1282 2095 1407 2123 Colonia
1426 2095 1461 2122 A.
1482 2109 1491 2113 -

197 2138 225 2173 5,
247 2137 267 2167 4
287 2138 340 2166 dat
355 2138 391 2165 A.
410 2153 450 2157 --
470 2136 528 2164 Str.
550 2134 567 2163 7
587 2135 662 2163 fehlt
681 2136 715 2163 A.

628 2248 689 2281 512.
722 2249 762 2280 De
783 2247 892 2279 sancto
912 2246 1090 2278 Vincentio.

431 2322 461 2356 1.
488 2321 585 2353 Alma
609 2320 665 2352 lux
689 2319 854 2356 mentium,
881 2327 954 2358 spes
981 2318 1191 2359 credentium,

488 2369 605 2401 Tutela
630 2370 818 2410 martyrum,
847 2367 961 2399 ductor
987 2366 1152 2409 bonorum,

488 2416 713 2457 Hymnizando
738 2424 856 2456 sumaS,
885 2423 962 2456 quas
987 2414 1154 2456 pangimus
1181 2414 1270 2451 odas.
