1653 2637
744 114 1002 151 —154ffl

392 214 423 246 4.
450 212 626 245 Poenarum
651 211 765 245 artifici
790 212 965 252 quaerenti,
992 211 1077 250 quod
1102 219 1200 251 genus
1224 209 1303 243 artis

495 260 553 291 Vir
576 263 692 300 nosset,
721 259 786 292 alto
810 263 875 291 ‘tam
898 258 1028 290 rebellis
1052 257 1182 298 spiritu,

396 319 427 351 5.
453 317 658 357 Respondet:
684 324 796 356 agmen
820 318 963 347 tenerum
988 322 1026 345 ac
1049 315 1173 354 puerile
1196 314 1361 356 gubernat,

494 362 597 395 Fictis
622 366 733 395 notare
757 362 856 394 verba
879 362 977 402 signis
1001 361 1155 394 imbuens.

393 422 425 453 6.
450 420 574 460 Ducite,
602 420 784 462 conclamat,
812 418 972 458 captivum
998 418 1104 450 ducite
1129 421 1161 450 et
1183 419 1269 450 ultra

495 467 639 499 Donetur
661 467 741 505 ipsis
766 466 952 498 verberator
975 466 1130 505 parvulis.

395 525 425 556 7.
453 525 497 557 Ut
524 523 603 554 libet
626 523 775 561 illudant,
801 522 943 553 lacerent
966 523 1094 561 impune
1118 531 1292 561 manusque

495 569 631 610 Tingant
655 569 799 609 magistri
822 568 954 600 feriatas
979 570 1142 609 sanguine.

395 627 426 659 8.
451 626 578 658 Ludum
604 625 778 665 discipulis,
805 626 888 665 volo,
914 634 985 657 sese
1008 626 1163 665 praebeat
1187 626 1259 666 ipse

494 673 615 705 Doctor
639 681 777 711 severus,
802 681 880 712 quos
904 673 998 704 nimis
1025 673 1174 707 coercuit.

394 731 426 762 9.
453 730 563 762 Gloria
583 731 625 761 sit
647 730 743 769 patri,
769 731 844 760 nato
870 732 902 759 et
919 729 988 767 tibi,
1015 730 1147 769 spiritus
1173 730 1267 769 alme,

495 777 555 815 Qui
579 777 764 810 Cassianum
787 775 937 816 provehis
961 777 1128 816 martyrio.

298 862 381 889 Brev.
395 861 568 888 Brixinense
580 861 650 895 imp.
663 860 796 888 Veneriis
812 857 894 888 1516.
907 874 943 879 —
969 859 994 894 1,
1015 858 1033 886 2
1052 860 1167 897 plebem
1187 860 1314 887 dicatam
1328 860 1523 888 Christianae.

612 1008 679 1039 260.
709 1008 754 1039 De
775 1009 882 1039 saneto
903 1007 1131 1047 Christophoro.

761 1093 810 1123 Acl
827 1094 985 1131 Vespera-s.

503 1175 535 1207 1.
559 1174 687 1213 Manyr
711 1172 856 1213 invictus,
882 1171 1019 1203 Domino
1044 1174 1198 1210 sacratus,

561 1220 693 1260 Angelis
715 1221 853 1260 junctus,
879 1219 974 1250 astris
1000 1218 1177 1259 decoratus,

560 1267 688 1307 Martyr
709 1270 741 1298 et
764 1267 864 1307 virgo,
892 1265 1013 1305 duplici
1038 1274 1154 1298 corona

607 1314 722 1347 Inclite
745 1312 856 1353 fulget.

506 1372 537 1402 2.
563 1370 709 1402 Flamine
734 1378 824 1401 sacro
849 1372 971 1409 martyr
997 1367 1203 1409 confortatus,

563 1418 677 1450 Omnes
700 1425 760 1457 pro
786 1416 912 1448 Christo
936 1416 1036 1448 subiit
1059 1416 1196 1455 labores,

564 1464 696 1496 Gloriae
718 1463 808 1503 regni
831 1463 967 1495 Domino
992 1465 1175 1502 praestante

607 1510 725 1543 Factus
749 1513 798 1541 est
820 1510 942 1542 haereS.

505 1569 538 1600 3.
564 1567 732 1600 Excelsum
758 1566 847 1606 cujus
870 1566 1018 1597 meritum
1040 1567 1245 1604 monstratur,

563 1614 688 1648 Sanitas
712 1614 814 1653 aegris
838 1613 957 1653 largius
983 1612 1137 1652 donatur3

561 1661 720 1693 Lubricae
744 1661 847 1692 carnis
871 1660 1018 1699 reprimis
1043 1659 1179 1702 furores,

607 1708 733 1747 Optime
756 1711 888 1748 martyr.

503 1768 535 1799 4.
562 1764 699 1805 Fragilis
723 1766 851 1797 nostrae
875 1773 995 1797 memor
1019 1764 1063 1796 sis
1087 1766 1230 1808 naturae,

559 1812 655 1846 Vitiis
675 1812 784 1844 multis
807 1812 936 1843 nimium
965 1820 1148 1854 oppressae,

561 1861 660 1901 Opem
683 1858 816 1891 ferendo
840 1860 962 1891 meritis
989 1859 1175 1891 commenda

606 1907 674 1939 Nos
698 1907 766 1938 Deo
791 1913 910 1939 nostro.

505 1966 535 1998 5.
562 1962 731 1998 Christifer
755 1965 877 2002 potens,
905 1962 1005 1994 efficit
1028 1963 1226 2002 adscriptum

562 2011 658 2044 Casta
680 2013 712 2041 te
735 2010 802 2043 vita
827 2010 966 2042 coetibus
991 2013 1182 2050 sanctorum,

560 2059 631 2091 Tua
653 2058 707 2097 qui
730 2058 872 2097 prompti
893 2057 1059 2088 nobiscum
1082 2058 1219 2090 libenter

609 2104 756 2138 Carmina
778 2104 934 2143 pandunt.

504 2163 536 2194 6.
561 2163 701 2193 Aeterno
726 2160 794 2200 regi
818 2160 950 2200 gloriam
976 2169 1123 2192 canamus

560 2208 699 2240 Vocibus
724 2207 827 2248 laetis,
853 2207 975 2239 veniam
999 2207 1039 2238 ab
1065 2208 1130 2239 alto

560 2255 661 2287 Nobis
686 2254 801 2287 ferenti
823 2255 975 2294 martyris
999 2255 1158 2294 praeclari

609 2303 760 2336 Precibus
784 2302 886 2334 almis.

296 2391 380 2418 Brev.
400 2389 598 2417 Aarhusiense
616 2390 686 2423 imp.
706 2387 869 2416 Aarhusiae
891 2385 973 2414 1519.
