1653 2637
698 128 956 164 -270—

435 228 466 259 6.
490 226 637 259 Praestet
660 226 720 258 hoc
744 228 872 257 nostrae
896 224 1020 265 genitor
1045 227 1192 256 catervae

493 274 573 313 Ejus
597 283 636 306 ao
659 275 751 305 natus
774 273 958 312 pariterque
981 274 1110 304 sanetus

493 321 630 361 Spiritus
657 322 788 353 cunctae
808 320 902 351 simul
927 322 1022 358 atque
1046 319 1159 351 turbae

541 368 810 400 Christicolarum.

246 452 354 487 Hymn.
375 461 427 480 ms.
449 453 627 480 Veronensis
648 460 723 480 saeC.
746 449 789 478 11.
825 451 894 479 eod.
911 451 1005 487 Capit.
1018 451 1162 478 Veronen-
1186 447 1249 478 109.
1263 450 1297 477 A.
1318 463 1354 467 ——
1369 447 1476 483 Hymu.

169 498 221 517 ms.
236 490 480 519 Fredeslariensis
501 499 575 518 saec.
594 489 634 518 11.
658 498 701 518 ex.
736 489 805 516 (lod.
824 489 973 517 Casselan.
988 489 1043 515 Ms.
1057 489 1158 516 Theol.
1178 489 1230 517 IV.
1251 485 1296 514 25.
1311 487 1345 514 Β.
1361 501 1395 505 -
1413 485 1438 519 1,
1460 483 1477 512 3

170 530 317 563 precantis
337 529 371 556 A.
393 543 430 548 -—-
451 526 478 561 3,
501 527 519 555 2
539 529 577 555 ad
598 528 706 556 dextris
728 529 761 554 B.
782 543 819 547 —
840 525 866 561 3,
887 526 907 555 4
925 527 1051 555 Militem
1070 527 1104 554 A.

594 649 661 682 478.
691 649 736 679 De
756 650 863 680 saneto
886 648 1053 689 Stephano.

170 718 199 750 1.
226 718 386 758 Hymnum
413 728 560 750 canamus
586 720 707 759 gratiae
850 721 882 752 4.
909 720 999 752 Haec
1022 718 1154 752 Judaeis
1181 716 1382 749 cernentibus

228 766 365 806 Christo,
392 767 445 807 qui
471 769 519 798 est
543 776 598 798 rex
624 767 754 807 gloriae,
908 768 945 800 1n
970 766 1054 797 huno
1078 765 1260 797 stridebant
1285 763 1433 795 dentibus

225 813 270 844 Et
295 814 451 853 Stephani
473 815 661 854 martyrium
909 814 953 846 Et
979 813 1134 852 impetum
1159 811 1334 858 erudeliter

227 861 323 893 Plebs
348 861 467 894 recolat
492 860 644 895 fidelium.
910 863 1071 894 Fecerunt
1094 859 1296 891 unanimiter.

170 938 201 969 2.
227 936 292 968 Hie
318 939 387 968 erat
410 937 522 977 plenus
548 938 660 977 gratia,
851 939 881 970 5.
907 938 1010 969 Extra
1031 936 1143 967 urbem
1167 934 1346 975 projicitur,

227 984 273 1016 Ut
301 986 437 1016 testatur
461 984 604 1025 historia,
908 983 1086 1026 Lapidibus
1111 983 1266 1019 obruitur,

225 1031 361 1062 Faciens
386 1031 534 1071 prodigia
907 1031 1021 1063 Saulus
1044 1031 1186 1062 custodit
1211 1030 1350 1062 omnium

225 1077 270 1109 Et
292 1078 382 1117 signa
406 1078 574 1111 mirabilia.
909 1079 1020 1110 Vestes
1045 1078 1266 1118 lapidantium.

166 1152 197 1183 3.
226 1152 337 1185 Coelos
362 1155 473 1185 videns
499 1155 548 1186 vir
572 1155 700 1187 inolitus
850 1156 880 1187 6.
909 1154 963 1186 Sio
985 1163 1043 1193 pro
1068 1162 1104 1185 se
1126 1152 1344 1193 lapidantibus

223 1201 362 1240 Apertos
388 1204 436 1233 est
460 1201 593 1233 intuitus
908 1202 986 1234 Orat
1011 1201 1132 1232 eunetis
1157 1199 1377 1233 adstantibus:

223 1247 331 1279 Jesum
356 1251 493 1280 stantem
517 1249 549 1280 in
576 1249 678 1289 gloria
905 1249 977 1281 Hoc
1001 1252 1167 1288 peceatum
1194 1257 1235 1279 ne
1259 1250 1380 1278 statuas

223 1295 275 1326 Ad
302 1297 403 1335 patris
429 1296 478 1327 sui
504 1296 676 1330 dexteram.
906 1297 986 1333 illis,
1016 1295 1150 1336 Christe,
1177 1296 1233 1327 sed
1260 1294 1380 1326 abluas.

529 1373 559 1406 7.
587 1372 666 1404 Cum
688 1371 769 1403 haee
794 1372 937 1411 dixisset,
962 1371 1068 1404 subito

585 1419 786 1452 Obdormivit
808 1420 842 1451 in
867 1419 1013 1460 Domino,

584 1467 643 1499 Cui
667 1467 736 1499 laus
762 1469 811 1498 est
835 1469 867 1498 et
891 1466 993 1507 gloria

583 1515 646 1546 Per
670 1512 796 1546 infinita
819 1515 955 1546 saecula.

238 1597 358 1633 Antiph.
379 1606 431 1626 ms.
447 1599 619 1635 Tungrente
634 1607 709 1627 saec.
724 1597 768 1626 15.
803 1599 873 1627 Cod.
887 1600 1033 1636 Tungren.
1047 1599 1098 1626 IV.
1116 1614 1146 1617 —
1163 1597 1190 1634 3,
1210 1597 1228 1627 3
1242 1599 1274 1625 in
1287 1598 1421 1634 gloriam.
1435 1614 1472 1618 -—

161 1633 189 1668 3,
208 1633 228 1662 4
246 1635 315 1663 Lies
338 1637 363 1664 A
383 1637 476 1673 patris
496 1638 544 1664 sui
563 1637 701 1665 dextera?
722 1652 757 1656 —
778 1636 806 1671 4,
829 1636 849 1665 4
868 1637 1018 1665 Steterunt
1036 1638 1225 1665 unanimiter.

487 1756 555 1788 479.
586 1756 630 1788 De
650 1766 674 1789 s.
699 1757 853 1798 Stephano
876 1757 1154 1789 Grandimontensi.

162 1826 191 1859 1.
220 1827 302 1859 Olim
327 1836 462 1859 vernans
487 1828 647 1861 Arvernia
843 1830 876 1861 4.
903 1828 974 1861 Jam
1000 1829 1113 1867 plenus
1138 1828 1200 1859 Dei
1225 1827 1329 1868 gratia.

217 1874 341 1906 Novum
366 1875 519 1915 produxit
542 1874 715 1918 flosculum,
901 1876 1008 1915 Elegit
1032 1876 1208 1907 solitariam

219 1921 314 1961 Cujus
339 1923 430 1954 nobis
457 1921 629 1962 fraglantia
901 1924 1009 1955 Vitam
1037 1926 1069 1954 et
1092 1923 1197 1955 vitans
1222 1923 1301 1955 vitia

215 1969 308 2001 Vitae
333 1972 476 2009 praestat
499 1971 702 2009 spiraculum.
901 1972 1048 2009 Adeptus
1079 1973 1127 2002 est
1148 1970 1326 2004 victoriam.

159 2049 186 2076 Δ.
215 2045 312 2076 Dedit
338 2045 412 2076 huie
433 2054 546 2076 nomen
570 2046 749 2085 Stephanus
843 2049 873 2079 5.
902 2047 1198 2079 Grandimontensis
1224 2046 1346 2079 ordinis

218 2093 324 2124 Favor
350 2092 449 2124 divini
473 2093 619 2135 numinis,
902 2095 1025 2126 Primus
1050 2094 1198 2126 inventor
1222 2094 1360 2135 regulae,

217 2139 286 2170 Nee
312 2142 359 2170 est
383 2138 513 2171 relictus
539 2140 699 2179 orphanus
902 2142 1036 2173 Causam
1062 2142 1153 2173 dedit
1177 2141 1308 2181 originis

219 2190 244 2217 A
271 2187 408 2218 veritate
430 2185 576 2219 nominis,
898 2188 1075 2227 Religionis
1099 2189 1273 2228 plantulae.

159 2265 190 2296 3.
218 2262 398 2302 Stephanus
422 2264 513 2293 sonat
538 2262 682 2305 gratiam,
842 2265 872 2297 6.
899 2265 1035 2305 Magnus
1060 2266 1194 2305 uterque
1219 2264 1419 2304 Stephanus:

217 2310 371 2342 (pronam
397 2308 467 2341 sive
491 2309 641 2349 regulam,
898 2311 962 2344 Hie
987 2314 1118 2354 martyr,
1146 2321 1229 2352 rosa,
1256 2312 1404 2355 primula,

216 2361 314 2397 Quam
340 2358 456 2389 trinam
483 2355 658 2388 efficaciam
898 2359 961 2392 Hic
987 2359 1142 2392 eastitatis
1168 2360 1320 2403 Libanus,

213 2406 332 2446 Implet
358 2414 417 2447 per
441 2404 528 2439 vitae
552 2403 731 2438 formulam.
900 2407 993 2440 Vitae
1013 2408 1159 2440 novellae
1183 2407 1331 2443 formula.
