1653 2637
667 115 926 152 *246—

586 211 655 243 434.
687 210 732 242 De
753 210 867 242 saneta
884 208 1012 241 Monica.

705 279 754 309 Ad
773 277 902 308 Laudes

145 354 177 386 1.
201 353 341 385 Excelse
364 351 513 393 princeps
539 351 686 392 omnium,

203 400 318 432 Mundi
348 399 431 440 regis
457 398 509 439 qui
533 397 721 434 machinam,

206 449 349 479 Aeterna
377 455 512 486 regnans
538 445 675 484 saecula,

205 495 292 528 Audi
317 498 388 527 tuos
413 501 497 525 nunc
522 492 675 525 servulos.

147 555 180 585 2.
206 551 340 584 Sanctas
364 559 477 591 preces
502 550 557 590 qui
580 550 740 586 Monieae,

205 600 286 631 Atro
311 598 368 630 sub
395 599 456 630 hoc
481 598 639 638 ergastulo

208 646 293 678 Dum
317 646 448 689 viveret,
481 653 677 684 susceperas,

210 693 342 726 Donans
366 694 502 724 salutem
524 691 595 724 filii.

153 753 184 785 3.
210 750 280 783 Alti
305 750 371 790 poli
394 758 478 781 nunc
501 749 636 780 incolam

210 798 409 838 Raptamque
432 800 481 828 ‘tot
507 796 546 827 de
571 795 717 828 sordibus

208 846 273 877 Pro
298 844 429 877 lubricis
452 843 640 875 mortalibus

210 892 296 924 Audi
322 894 514 931 precantem,
542 898 738 930 quaesumus

151 951 183 983 4.
210 949 342 981 Terram
368 949 472 979 colens
496 948 543 978 sic
568 947 701 978 contulit

213 996 349 1028 Tantum
376 994 502 1026 cadenti
527 994 662 1026 sacculo.

212 1042 301 1081 Quod
323 1043 357 1074 in
382 1042 482 1073 celsos
507 1050 605 1081 supra
626 1041 716 1080 polos

212 1090 334 1122 Evecia
358 1089 429 1128 plus
455 1097 538 1120 nunc
563 1085 716 1120 conferat.

831 349 862 380 5.
889 346 923 380 Si
949 356 1033 379 nunc
1057 354 1178 389 preceS‚
1206 354 1284 385 quas
1308 346 1439 385 lai-giler

888 394 971 428 Olim
995 392 1150 434 profudit.
1180 393 1332 432 duplicee,

890 442 943 475 Sic
971 451 1028 474 nos
1052 441 1145 474 malis
1172 444 1204 472 et
1228 440 1343 472 liberet

889 490 1003 522 Multis
1028 498 1084 521 suo
1109 488 1270 528 suffragio.

854 572 863 580 .
890 547 914 580 O
941 555 998 579 nos
1024 547 1133 579 beatos
1159 553 1290 577 munere

891 594 1003 635 Tanto,
1031 594 1121 626 bonis
1147 596 1212 625 tam
1237 591 1422 633 grandibuS,

889 641 969 681 Ejus
994 641 1096 680 modo,
1125 649 1202 680 quas
1230 638 1365 680 porrigit

892 689 1026 729 Pronus,
1052 696 1164 728 preces
1189 690 1225 718 tu
1249 687 1387 725 suscipe.

858 774 865 779 .
892 745 984 778 Nunc
1010 748 1083 778 vota
1109 745 1213 777 cuncti
1239 743 1364 776 fundite

890 794 972 825 Prae
998 793 1122 836 ceteris,
1151 792 1204 832 qui
1229 791 1353 823 scilicet

891 840 951 873 Vel
974 840 1078 872 literis
1104 839 1276 880 gentilibus

894 887 983 920 Esus
1014 888 1114 919 sacris
1139 887 1190 918 vel
1214 885 1362 925 praediti.

859 970 866 977 .
893 944 976 976 Nam
1000 944 1080 975 haec
1105 952 1175 975 eum
1200 942 1291 974 nobis
1318 942 1418 982 dedir,

896 991 1037 1025 Sublime
1063 992 1150 1031 quus
1177 990 1324 1022 maximis

895 1040 1010 1072 Omnes
1036 1046 1168 1071 acumen
1192 1037 1339 1070 laudibus

895 1085 1083 1126 cultumque
1108 1094 1262 1117 summum
1286 1084 1437 1117 tollimus

515 1146 546 1178 9.
572 1144 639 1176 Nos
665 1148 709 1186 tu,
736 1146 839 1184 pater,
867 1151 936 1175 cum
959 1142 1036 1183 filio,

575 1192 691 1224 Sancto
715 1191 810 1222 simul
835 1199 905 1222 cum
929 1190 1055 1230 spiritu,

572 1239 662 1271 Unus
687 1238 774 1270 Deus
801 1238 854 1279 qui
879 1239 1007 1269 saecula

574 1286 636 1317 Per
663 1287 775 1317 cuncta
801 1285 893 1328 vivis,
923 1287 1066 1325 protege.

229 1371 338 1406 Hymn.
368 1379 421 1398 ms.
449 1369 478 1397 S.
508 1369 671 1397 salvatoris
696 1371 727 1396 in
758 1368 842 1396 Silva
867 1368 949 1396 lacus
977 1369 1047 1396 anni
1079 1366 1160 1396 1415.
1206 1367 1275 1395 Cod.
1300 1367 1464 1395 Londinen.

152 1410 225 1437 Add.
246 1407 353 1436 30014.
374 1409 408 1435 A.
428 1423 467 1427 ——
487 1408 571 1436 ssrmu
590 1408 756 1435 Romanum
774 1407 845 1442 imp.
867 1407 1000 1435 Vens-tiis
1022 1404 1106 1434 1521.
1126 1406 1159 1434 Β.
1181 1421 1216 1426 ——
1236 1407 1273 1433 In
1292 1408 1376 1433 tono:
1404 1405 1465 1441 „Ad

154 1455 274 1475 coenam
295 1446 363 1482 agni
385 1444 528 1481 p1·0vidi“.
550 1447 582 1472 Β.

661 1445 729 1482 Vgl.
745 1445 796 1472 das
816 1454 883 1472 zum
899 1446 1022 1481 voi-igen
1041 1445 1178 1478 Hymnus
1198 1444 1363 1472 Bemerkte.

485 1565 555 1596 435.
588 1564 632 1596 De
650 1573 688 1596 ss.
709 1563 870 1606 Monulpho
894 1566 926 1596 et
947 1564 1134 1604 Gendulpho.

160 1649 192 1682 1.
218 1648 324 1680 Adest
344 1648 470 1678 sacrata
492 1647 675 1686 praesulum

216 1694 389 1727 Festivitas
419 1693 601 1733 illustrium,

215 1739 419 1774 Confessione
444 1740 586 1772 cordium

217 1789 277 1828 Qui
301 1791 491 1828 respuerunt
519 1789 688 1821 saeculum.

158 1849 189 1880 2.
217 1845 353 1884 Quorum
381 1846 519 1877 colentes
544 1854 679 1877 annuam

213 1893 436 1926 Festivitaoem
459 1894 633 1933 propriam,

214 1941 306 1980 Ipsos
330 1949 498 1980 precamur
524 1941 643 1982 cernui,

218 1988 264 2021 Ut
288 1991 398 2019 nostra
422 1987 575 2019 mundent
601 1988 744 2020 crimina.

840 1648 871 1679 3.
898 1646 1049 1678 Oratione
1073 1644 1185 1676 sedula

897 1693 1050 1731 votisque
1074 1692 1192 1724 nostris
1217 1691 1354 1724 subditis

898 1739 999 1772 Nobis
1027 1741 1082 1771 det
1104 1739 1336 1780 indulgentiam

898 1788 1019 1819 Eorum
1041 1788 1238 1820 intercessio.

864 1872 871 1878 .
900 1844 971 1877 Hoc
996 1853 1118 1876 summa
1142 1847 1284 1883 praestet
1312 1843 1414 1875 deitas

898 1892 1015 1932 Patris,
1042 1892 1172 1932 natique
1195 1892 1338 1931 spiritus,

899 1939 1037 1978 Quorum
1062 1941 1204 1979 potestas
1226 1939 1321 1970 unica

897 1987 960 2018 Per
985 1989 1099 2018 cuncta
1123 1988 1237 2026 regnat
1261 1985 1399 2019 saecula.

234 2071 319 2098 Brev.
334 2070 363 2098 S.
379 2069 507 2098 Servaiii
520 2070 682 2106 Trajccten.
703 2072 773 2106 imp.
789 2070 930 2098 Coloniae
952 2067 1032 2098 1503.
1056 2086 1095 2091 -
1119 2068 1143 2104 1,
1167 2068 1181 2096 1
1194 2069 1287 2097 Adest
1307 2072 1417 2097 saneta.
1431 2086 1469 2090 —

157 2106 186 2142 2,
207 2107 223 2135 1
244 2116 350 2135 annua.
371 2122 408 2127 —
428 2106 454 2141 3,
475 2106 494 2135 2
514 2116 570 2143 que
588 2108 671 2135 fame.

608 2217 674 2250 436.
704 2219 747 2249 De
766 2220 873 2250 sancto
894 2217 1032 2250 Nicolao.

425 2299 455 2331 1.
484 2297 651 2338 Splendor,
678 2299 765 2338 Jesu‚
792 2299 904 2330 summi
929 2296 1026 2330 fontis
1051 2299 1188 2339 paterni,

482 2343 609 2378 Infusus
635 2354 673 2378 ex
695 2349 794 2377 temet
817 2348 902 2377 fotus
927 2344 1065 2385 refulget

480 2392 591 2424 Missis
619 2393 770 2425 divini‘tus
792 2393 858 2433 jam
882 2393 1047 2427 NicolauS.
