1653 2637
765 165 996 200 -94—

241 256 271 287 3.
299 256 395 296 Cujus
420 260 452 289 te
478 268 565 291 amor
593 260 743 299 compulit
914 263 945 294 5.
972 259 1213 300 Suppeditando
1238 260 1317 291 vitia

296 304 368 336 Vim
395 315 541 346 magnam
565 307 624 339 tibi
648 306 799 348 inferens,
974 307 1112 347 Spirasti
1137 307 1179 339 ad
1205 307 1363 345 coelestia,

295 352 341 385 Ut
366 356 398 384 et
421 362 480 392 pro
505 362 598 393 posse
622 353 755 397 faceres,
974 354 1162 394 Supremum
1186 354 1304 386 bonum
1329 361 1484 386 venerans

295 400 380 439 Quae
403 400 456 432 hic
479 400 513 432 in
538 403 624 433 terra
650 402 765 434 docuit.
971 401 1016 433 Et
1040 410 1098 441 pro
1123 401 1264 441 peccatis
1289 401 1441 441 rogitans

236 452 268 483 4.
294 452 357 493 En,
385 452 509 494 gemina
535 453 662 484 dilectio
914 454 945 486 6.
972 453 1045 494 Eja,
1072 463 1090 485 o
1119 453 1237 485 Christi
1262 451 1390 491 famula,

293 499 442 539 Replevit
466 501 521 531 tua
544 499 676 539 viscera,
975 500 1041 532 Nos
1063 501 1225 540 supplices
1249 502 1282 531 te
1306 500 1453 540 petimus,

292 546 378 585 Quae
402 547 552 578 recreasti
578 554 735 586 pauperes
971 548 1017 581 Ut
1042 548 1151 587 places
1179 556 1283 588 regem
1311 547 1441 589 gloriae,

290 593 353 624 Per
377 593 505 633 pietatis
530 600 637 633 opera.
973 594 1133 627 Offensum
1157 595 1257 627 multo
1284 595 1424 628 crimine.

608 646 641 679 7.
667 646 809 687 Praesta,
835 648 927 685 pater
952 647 1162 687 omnipotens,

665 692 742 725 Cum
770 695 934 726 coaeterno
960 693 1025 726 filio

664 739 709 771 Et
732 741 919 780 procedenti
940 744 1109 781 pneumate

662 787 891 820 Remissionem
916 789 1080 821 scelerum.

308 841 381 868 Olm.
402 841 553 869 Monacen.
576 839 627 876 (ol.
646 841 795 879 Tegurin.)
816 841 850 871 19
861 841 926 872 363.
947 852 1022 872 saec.
1046 843 1089 872 15.

614 922 675 954 146.
705 924 747 955 De
768 924 884 956 sanctis
903 925 1146 957 Poenitentibus.

722 982 770 1011 Ad
790 982 861 1012 Mat.
884 985 913 1012 et
932 982 1026 1013 Laud.

493 1039 523 1072 1.
550 1040 642 1072 Salus
667 1050 802 1080 reorum,
830 1042 964 1083 Christe,
993 1041 1116 1083 deifica,

548 1088 663 1120 Patens
688 1089 827 1128 assylum
851 1092 886 1121 tu
911 1090 1149 1129 poenitentium,

546 1134 619 1166 Irae
643 1138 796 1175 paternae
820 1137 925 1169 suavis
950 1137 1098 1177 placatio,

546 1181 619 1213 Tibi
643 1183 809 1223 pangimus
831 1185 970 1223 pectoris
994 1185 1116 1219 intimo.

490 1234 522 1268 2.
547 1233 807 1278 Desperatorum‚
833 1235 919 1275 Jesu,
946 1245 1019 1276 spes
1044 1237 1147 1277 unica,

548 1281 792 1313 Publicanorum
818 1283 949 1323 dapsilis
969 1284 1071 1327 venia,

546 1328 595 1360 Tu
618 1330 820 1361 meretricum
846 1331 983 1362 clemens
1008 1330 1174 1371 munditia,

545 1375 636 1407 Lava
659 1376 812 1416 benignus
838 1380 948 1409 nostra
969 1378 1106 1417 piacula.

489 1427 520 1459 3.
547 1425 791 1467 Profligatorum
816 1429 917 1461 redux
941 1432 976 1461 tu
997 1430 1143 1473 pretium,

548 1473 644 1506 Ovem
671 1476 828 1514 captivam
854 1477 952 1508 reduc
976 1477 1018 1509 ad
1043 1478 1190 1517 patriam,

544 1520 699 1553 Errantes
724 1531 807 1563 rege,
835 1527 994 1555 correctos
1018 1527 1159 1565 protege,

545 1568 651 1600 Corda
677 1571 851 1602 emundans
876 1573 985 1602 nostra
1010 1574 1045 1602 tu
1069 1572 1208 1611 posside.

490 1620 522 1651 4.
548 1619 597 1651 Sit
621 1621 758 1652 trinitati
783 1622 885 1660 gloria
907 1623 1029 1665 unicae,

545 1666 664 1710 Virtus,
691 1670 842 1709 potestas,
869 1679 991 1701 summa
1014 1670 1167 1711 potentia,

548 1713 692 1754 Regnum
716 1718 878 1748 retentans
904 1726 985 1757 quae
1008 1717 1095 1749 Deus
1120 1727 1200 1749 unus
1226 1721 1283 1761 est,

547 1760 609 1792 Per
635 1765 748 1795 cuncta
772 1772 897 1804 semper
921 1765 1049 1798 saecula
1072 1766 1200 1799 saeculi.

300 1814 408 1848 Hymn.
428 1824 481 1842 ms.
502 1815 702 1853 Sangallensis
723 1827 799 1847 saec.
822 1818 864 1847 12.
906 1820 974 1848 Cod.
997 1821 1164 1858 Sangallen.
1188 1819 1230 1849 18.

596 1885 657 1917 147.
686 1887 721 1918 In
743 1888 948 1928 plurimorum
968 1889 1158 1921 Sanctorum.

486 1946 516 1979 1.
544 1945 731 1979 Sanctorum
756 1949 902 1993 omnium,
931 1959 1063 1990 quorum
1087 1951 1240 1982 solemnia

542 1993 614 2025 Hac
640 1995 691 2026 die
718 1996 858 2028 celebrat
881 2000 983 2028 mater
1008 1998 1152 2036 ecclesia,

543 2040 664 2072 Horum
691 2042 840 2083 suffragia
865 2047 897 2075 et
920 2053 1035 2084 magna
1058 2045 1173 2076 merita

589 2089 653 2120 Pro
677 2098 771 2128 posse
795 2090 873 2122 mihi
897 2091 1035 2130 postulo.

483 2140 514 2171 2.
540 2140 604 2171 Vos
630 2149 737 2172 omnes
763 2142 885 2181 pariter
910 2142 1005 2174 laudo
1030 2152 1068 2174 ac
1094 2152 1237 2183 veneror,

542 2187 640 2218 Vobis
666 2190 898 2229 congratulans,
926 2190 979 2229 qui
1003 2193 1078 2229 post
1103 2192 1278 2224 certamina

542 2234 604 2266 Pro
624 2234 692 2266 Deo
718 2235 829 2268 habita
851 2237 885 2268 in
910 2237 994 2268 valle
1010 2238 1127 2270 misera

587 2282 710 2322 Adepti
735 2284 810 2315 estis
837 2284 965 2317 coelica.

483 2334 513 2367 3.
541 2333 565 2365 O
592 2342 682 2373 quam
708 2335 875 2376 magnifica
899 2345 955 2368 vos
978 2336 1075 2377 cingit
1097 2338 1199 2379 gloria

542 2381 694 2413 coelestis
720 2384 852 2426 patriae,
880 2393 960 2423 quae
985 2394 1144 2425 nunquam
1170 2387 1296 2429 desinit,

541 2428 606 2460 Sed
631 2438 755 2470 semper
779 2431 892 2471 incipit
915 2440 950 2463 se
971 2432 1074 2472 ipsam
1099 2442 1254 2467 renovans

588 2476 627 2509 In
651 2478 848 2511 saeculorum
872 2480 1008 2515 saecula.
