1653 2637
684 105 943 142 —260—

167 207 197 239 5.
224 206 327 238 Tactn
351 205 475 238 salubri
499 204 625 237 arentia
855 207 887 239 6.
914 205 1043 238 Virtute
1066 207 1157 237 tanta
1180 205 1307 245 nobilis,

223 253 430 286 Resuscitans
457 252 616 285 cadavera
913 252 1040 292 Ubique
1064 254 1185 293 primus
1211 254 1360 294 eminens,

225 301 270 333 Et
293 300 417 343 umbra,
444 303 598 341 quotquot
621 301 729 341 attigit
914 300 1036 333 Romae
1062 301 1234 333 cathedrae
1257 302 1385 341 praesul
1410 304 1458 334 est

224 349 361 389 Aegros,
388 349 544 381 medelam
572 349 715 381 contulit.
912 348 958 380 Et
982 356 1056 380 arce
1082 348 1162 380 coeli
1186 348 1295 381 consul
1321 352 1377 382 est.

242 433 350 468 Hymn.
372 442 425 461 ms.
440 441 515 461 saec.
534 431 576 461 10.
603 432 672 461 Cod.
687 433 811 461 Bernen.
826 430 893 460 455.
909 446 946 451 —-
967 430 993 465 2,
1007 430 1025 460 3
1042 432 1119 460 Vom
1131 433 1235 460 Worte
1248 441 1353 460 nomen
1366 442 1421 460 nur
1434 433 1481 461 die

169 473 244 499 erste
259 472 341 500 Silbe
355 471 556 509 geschrieben.
570 485 607 491 ψ-
625 471 682 500 Cfr.
697 472 813 507 Hagen,
830 470 967 499 Carmina
980 471 1068 499 medii
1085 471 1153 499 aevi
1166 471 1289 505 (Hei-nae
1302 468 1384 505 1877)
1396 481 1424 507 p.
1436 470 1481 500 59.

516 611 586 643 458.
613 611 657 643 De
678 619 717 642 ss.
740 611 902 650 Praejccto
925 612 957 642 et
976 610 1135 642 Amerino.

409 693 438 724 1.
465 692 581 723 Annua
612 689 695 722 festa
721 690 860 722 celebret
885 690 1021 722 ecclesia

465 739 503 770 In
529 738 625 769 laude
651 738 778 776 Christi,
807 746 899 778 quem
924 738 1061 769 adorant
1085 737 1200 777 angeli,

468 785 528 824 Qui
555 785 645 817 dedit.
669 786 807 817 clemens
834 786 1034 824 triumphare
1057 784 1186 824 milites,

465 833 604 872 Quorum
630 841 763 864 coronas
787 833 903 872 pandit,
926 832 1007 864 hacc
1030 832 1226 864 solemnitas.

412 911 444 942 2.
471 909 607 941 Sanctus
633 910 827 948 praejectus,
850 907 996 948 pontifex
1021 909 1178 949 egregius,

471 955 574 995 Digno
601 956 700 988 amori
725 955 878 988 Amarino
903 955 1022 995 hospiti

469 1003 573 1035 Notus
597 1002 756 1042 placebat,
785 1003 901 1035 caritas
925 1003 984 1035 hos
1007 1003 1168 1042 junxerat,

469 1050 599 1082 Donans
625 1050 773 1082 abbatem
799 1048 941 1090 pontifici
967 1051 1124 1083 comitem.

411 1128 441 1159 3.
469 1125 528 1165 Qui
554 1117 619 1157 οὖα]
649 1126 826 1166 exemplum
851 1124 929 1157 fidei
954 1128 986 1157 et
1010 1133 1151 1165 operum,

471 1173 604 1205 Praesul
630 1173 785 1211 doctrina,
811 1172 910 1205 abbas
937 1173 1118 1205 reverentia

470 1219 602 1259 Populis
629 1221 754 1259 darent,
780 1220 860 1252 clari
883 1219 982 1260 signis
1007 1219 1130 1263 fierent,

471 1269 534 1300 Per
559 1268 658 1300 hostis
686 1268 791 1299 dolum
815 1268 904 1307 passi
928 1270 1003 1299 sunt
1026 1267 1224 1307 martyrium.

414 1345 446 1376 4.
473 1343 540 1375 Hos
564 1341 709 1374 infinitae
733 1346 895 1375 consortes
921 1342 1063 1374 laetitiae

474 1390 638 1422 Poscimus
663 1390 756 1422 nobis
781 1390 895 1422 adesse
919 1390 1078 1431 suffragiis

473 1438 571 1477 Apud
597 1439 638 1477 te,
666 1437 803 1478 Christe,
830 1436 902 1469 fons
926 1437 1173 1476 misericordiae,

475 1484 520 1517 Ut
542 1494 599 1517 nos
624 1485 677 1516 hic
701 1494 794 1525 regas
819 1485 949 1517 tandem
973 1485 1039 1517 illis
1064 1485 1175 1518 socies,

420 1563 450 1594 5.
478 1561 568 1600 Quod
593 1562 627 1591 tu
652 1561 818 1601 concedas,
844 1560 1040 1599 sempiterna
1063 1560 1200 1601 trinitas,

476 1609 632 1641 Praesens
653 1607 781 1649 ubique,
805 1608 897 1640 unius
924 1608 1090 1647 essentiae,

477 1655 526 1689 Ut
549 1660 582 1687 tc
606 1654 773 1687 laudantes
800 1656 941 1687 dicamus
966 1656 1149 1688 unanimes:

477 1702 563 1734 Laus
585 1701 656 1734 Deo
679 1703 741 1734 soli
763 1702 798 1733 in
823 1704 979 1735 saeculum
1005 1703 1134 1735 saeculi.

253 1789 338 1815 Brov.
358 1795 411 1815 ms.
433 1795 508 1815 saec.
531 1785 575 1814 15.
616 1787 686 1815 Coti.
706 1788 868 1817 Eremiten.
888 1786 953 1816 759.
974 1803 1012 1808 -—
1032 1786 1059 1822 4,
1083 1786 1102 1815 4
1122 1791 1220 1825 regat3
1242 1790 1344 1816 sociat.

614 1937 683 1969 459.
712 1938 755 1968 De
775 1938 882 1968 sancto
903 1936 1057 1972 Quintillo.

445 2018 476 2049 1.
501 2017 639 2049 Militem
666 2016 786 2049 Christi
808 2016 931 2055 pariter
958 2024 1107 2047 canamus

501 2063 693 2103 Quintinum,
718 2063 817 2095 sacris
840 2063 961 2094 meritis
988 2070 1163 2101 coruscum,

502 2110 676 2151 Hymnicas
701 2110 770 2142 Deo
796 2110 973 2142 resonando
998 2109 1109 2142 laudes

551 2157 707 2190 Carminis
733 2157 817 2189 almi.

447 2235 477 2266 2.
504 2234 607 2266 Adsto
636 2242 720 2265 nunc
742 2233 805 2265 tuis
830 2233 930 2266 oculis
956 2234 1107 2276 eruentis,

504 2281 566 2313 Sed
593 2290 685 2312 manu
713 2281 832 2314 Christi
857 2279 1043 2313 moderante
1067 2285 1181 2313 cuncta

503 2328 613 2360 Victor
637 2328 670 2359 in
695 2328 806 2367 poenis
831 2328 1014 2368 penetravit
1035 2330 1140 2361 terras

552 2376 644 2409 Sorte
665 2384 801 2410 reorum.
