1653 2637
711 125 875 162 —208
927 144 971 149 —

525 228 558 259 7.
583 227 729 263 Praesta,
755 226 858 263 pater,
883 229 942 260 per
966 219 1067 251 filium

585 273 677 306 Pacis
700 273 849 302 aeternae
873 266 1034 308 gaudium,

584 320 718 352 Praesta
743 326 801 357 per
826 316 942 347 almum
968 312 1117 353 spiritum

585 367 639 399 Ad
664 366 762 399 vitam
786 362 879 395 nobis
904 360 1052 394 reditum.

264 454 384 489 Antiph.
410 462 464 480 ms.
483 453 655 487 'rung-tense
678 457 753 477 saee-
776 446 820 475 15.
862 446 931 474 Ood.
954 446 1100 482 Tungren.
1121 444 1172 472 IV.
1195 442 1227 470 A.
1250 456 1287 461 -—
1308 440 1428 476 Antiph.
1449 447 1502 467 ms.

188 493 375 520 Franciscan.
404 499 479 518 saec.
502 488 546 516 16.
590 488 659 516 Cod.
683 486 848 515 Bruxellen.
877 481 959 512 6433.
982 484 1014 511 B.
1040 498 1079 502 —-
1106 482 1261 517 Proprium
1282 478 1505 507 Boseoducense

187 532 257 567 imp.
279 538 301 556 ς.
322 530 342 557 l.
365 531 393 556 et
413 537 439 556 a.
462 528 492 555 C.
512 543 551 547 —
571 525 597 561 2,
620 524 638 553 2
652 525 788 553 Occurrit
802 523 833 550 G.
855 537 893 541 —-
913 520 939 555 3,
956 520 977 549 4
995 522 1053 549 fuit
1071 521 1235 548 discernere
1250 518 1280 547 C.
1301 534 1339 538 —
1357 516 1385 550 4,
1408 515 1423 544 1
1443 519 1505 544 erat

189 569 256 596 dom
260 569 302 594 'mi
322 568 357 594 A.

570 693 636 725 357.
665 693 701 724 111
719 691 913 724 Reversione
933 698 956 721 s.
979 689 1139 722 Johannis.

741 770 790 799 Ad
809 768 939 799 Laudes.

191 855 224 887 1.
250 853 368 893 Magno
394 851 506 883 salutis
531 851 647 891 gaudio
878 849 910 881 4.
938 847 1001 879 Per
1025 846 1110 887 quod
1137 845 1241 877 coelos
1267 844 1434 886 reseravit,

252 900 403 933 Exsultet
426 898 520 939 plebs
543 898 696 937 fidelium,
939 894 995 926 Cui
1020 895 1106 927 Deus
1132 892 1288 925 revelavit

254 949 342 987 Quae
365 946 526 979 Zebedaei
550 945 616 978 filio
937 941 1077 984 Secreta,
1106 949 1186 981 quae
1213 940 1356 972 ediscere

254 995 397 1028 Laudum
424 994 543 1034 promit
566 992 780 1033 praeconium.
937 989 1027 1021 Nulli
1051 989 1130 1021 licet
1154 988 1205 1019 vel
1232 988 1348 1020 dicere.

195 1064 226 1094 2.
253 1062 371 1095 Beatus
395 1061 448 1092 hic
472 1060 645 1099 apostoluS,
878 1060 909 1091 5.
937 1057 1040 1096 Hujus
1065 1065 1133 1096 noe,
1162 1054 1298 1094 Christe,
1326 1054 1474 1094 precibus

251 1109 373 1142 Secreti
398 1108 460 1141 Dei
485 1108 624 1146 seduluS‚
936 1106 966 1137 A
990 1103 1101 1136 mortis
1130 1103 1219 1135 solve
1244 1102 1378 1134 nexibus

249 1157 339 1196 Quod
366 1155 439 1188 dum
465 1155 598 1187 rimatur
623 1161 785 1193 quaerere,
935 1151 1094 1184 Donando
1119 1150 1352 1191 indulgentiam

249 1203 269 1237 J
273 1212 329 1235 esu
354 1203 450 1235 cubat
471 1202 529 1234 sub
554 1204 693 1242 pectore.
933 1200 979 1233 Et
1002 1202 1202 1239 peccatorum
1231 1198 1365 1232 veniam,

193 1272 225 1303 3.
251 1270 302 1303 De
327 1270 414 1309 cujus
440 1268 536 1301 fontis
559 1267 688 1300 flumine
877 1268 908 1300 6.
934 1267 1078 1307 Praesta,
1105 1268 1209 1305 pater,
1235 1274 1295 1305 per
1318 1263 1419 1296 filium

251 1318 337 1350 Illud
364 1317 469 1349 hausit
492 1314 634 1354 mirifice,
934 1314 1027 1347 Pacis
1052 1315 1201 1344 aeternae
1225 1312 1385 1353 gaudium,

252 1363 426 1397 scribendo
453 1363 659 1403 evangelium,
934 1362 1069 1394 Praesta
1092 1369 1152 1400 per
1177 1360 1293 1391 almum
1319 1359 1469 1400 spiritum

250 1414 316 1451 Quo
342 1410 432 1443 verbi
459 1412 513 1443 dat
538 1410 740 1451 principium.
934 1408 987 1441 Ad
1013 1409 1109 1441 vitam
1135 1407 1226 1439 nobis
1251 1408 1400 1441 reditum.

264 1495 385 1531 Antiph.
412 1504 464 1522 ms.
486 1494 657 1530 Tungrense
685 1502 760 1521 saec.
784 1492 827 1521 15.
868 1491 936 1521 Cod.
957 1493 1103 1530 Tungren.
1127 1493 1178 1521 IV.
1200 1493 1234 1520 A.
1254 1507 1291 1512 --
1311 1492 1432 1529 Antiph.
1453 1501 1506 1520 ms.

189 1534 376 1561 Franciscan.
405 1541 480 1560 saec.
504 1530 546 1559 16.
588 1532 656 1560 Cod.
682 1532 847 1560 Bruxellen.
875 1528 957 1560 6433.
983 1531 1016 1559 B.
1044 1546 1080 1550 —
1107 1532 1263 1566 Proprium
1283 1531 1507 1558 Boscodueense

193 1573 264 1607 imp.
284 1580 308 1598 s.
327 1572 349 1598 l.
369 1573 399 1599 et
418 1579 445 1598 a.
466 1571 499 1598 C.

643 1691 708 1723 358.
738 1691 782 1722 De
802 1691 909 1723 sancto
930 1690 1055 1731 Joseph.

190 1770 220 1802 1.
246 1770 397 1802 Exsultet
421 1770 495 1802 aula
521 1771 650 1809 coelica,
874 1771 905 1803 3.
933 1769 1044 1810 Surge,
1071 1770 1182 1810 accipe
1209 1779 1341 1809 puerum

246 1818 400 1850 Laetetur
424 1818 535 1849 mundi
559 1818 715 1857 machina,
932 1817 977 1850 Et
1002 1820 1137 1850 matrem
1164 1818 1231 1857 ejus
1257 1818 1437 1850 clanculum

248 1865 329 1897 Dum
356 1863 459 1897 refert
500 1865 559 1896 olis
585 1865 689 1897 orbita
932 1865 975 1898 Et
1002 1874 1071 1897 cum
1097 1866 1168 1906 ipso
1192 1865 1382 1898 Emmanuel

251 1913 373 1952 Josepli
396 1921 489 1944 sacra
512 1913 675 1946 solemnia.
935 1913 989 1945 Ad
1014 1918 1133 1945 terram
1159 1922 1259 1953 perge
1282 1914 1397 1947 Israel.

190 1980 220 2012 2.
250 1979 305 2011 Cui
330 1979 460 2011 Herode
484 1982 619 2018 mortuo,
874 1981 906 2012 4.
935 1979 993 2017 Qui
1018 1980 1219 2012 consurrexit
1244 1980 1347 2020 citius,

247 2025 344 2066 Eece,
370 2030 506 2065 apparet
525 2027 613 2058 illico
932 2027 1053 2069 Pergit,
1081 2036 1141 2066 quo
1169 2027 1249 2058 dixit
1276 2028 1418 2067 angelus

247 2074 286 2105 In
310 2073 427 2104 somnis
455 2073 559 2105 verbis
585 2074 716 2112 angelus
933 2073 1013 2110 Quia
1038 2077 1226 2113 quaerentes
1252 2082 1386 2113 puerum

251 2120 357 2160 Ipsum
381 2128 590 2160 praemonens
618 2120 774 2152 dulcibus,
932 2117 1005 2153 Jam
1029 2121 1232 2152 intraverunt
1253 2121 1406 2155 Erebum.

579 2188 609 2219 5.
631 2185 735 2224 HuJ'us
760 2194 779 2216 a
805 2184 917 2223 culpae
941 2185 1075 2217 nexibus

632 2232 736 2264 Eruat
758 2232 821 2271 piis
846 2232 1004 2273 precibus,

634 2279 693 2318 Qui
718 2288 776 2319 pro
799 2279 939 2311 tonantis
961 2279 1064 2318 gloria

635 2326 715 2366 Ejus
742 2328 883 2358 canimus
909 2326 1052 2366 hymnia.

266 2414 374 2450 Hymn.
395 2421 448 2440 ms.
471 2411 642 2448 Campensis
664 2411 734 2438 anni
755 2408 837 2440 1462.
881 2409 949 2437 Coti.
970 2409 1188 2438 Darmstadien.
1210 2409 1275 2439 521.
