1653 2637
721 154 768 159 ——
817 135 881 171 151
933 156 980 161 --

638 226 705 258 253.
735 226 910 259 Desancta
931 229 1069 269 Brigida.

754 296 802 326 Ad
821 296 948 327 Laudes.

194 364 225 397 1.
253 364 278 396 O
305 363 431 396 celebre
453 364 643 404 convivium,
880 368 911 399 3.
937 367 1011 399 Illic
1036 367 1144 400 divina
1168 367 1248 401 visio

251 411 289 443 In
317 411 406 450 cujus
430 410 610 445 refectoriis
934 415 972 447 In
996 415 1172 455 majestatis
1197 417 1300 456 gloria

250 458 356 490 Electi
384 459 576 491 desiderium
939 461 1127 494 Sanctorum
1152 467 1201 494 est
1223 463 1358 497 refectio

252 505 396 545 Implent
420 509 452 537 et
477 510 552 539 sunt
576 506 608 538 in
634 507 734 541 soliis,
941 508 1151 550 Perfectaque
1174 511 1306 544 laetitia.

194 564 225 597 2.
254 562 404 595 Gaudent
429 566 461 594 et
484 564 619 596 laudant
643 564 766 603 pariter
880 567 913 599 4.
939 565 977 597 In
1001 566 1095 605 hujus
1118 567 1209 606 regni
1235 569 1350 608 gaudio

256 610 335 643 Cum
361 611 488 650 optimis
514 611 690 655 spiritibus,
939 612 1073 653 Brigida
1097 622 1182 646 nunc
1205 613 1344 648 feliciter

251 657 392 697 Fulgent
417 661 450 689 et
473 661 560 690 stant
583 659 765 691 solemniter
941 659 1117 699 Conjunota
1141 660 1202 692 Dei
1225 661 1291 694 filio

252 706 291 737 In
316 705 413 744 regiis
438 705 622 738 honoribus
939 707 1130 747 Triumphat
1153 710 1367 744 aeternaliter.

270 771 355 798 Brev.
378 778 431 797 ms.
450 770 673 798 Paradisiacum
694 779 770 798 saec.
792 769 837 799 15.
876 771 946 799 Cod.
966 769 1157 800 Laurentian.
1180 773 1269 802 Oonv-
1290 785 1353 813 sup.
1374 774 1439 805 549.

630 861 699 893 254.
729 862 773 894 De
793 863 903 894 sancta
924 863 1067 895 Caecilia.

461 923 496 955 1.
520 923 599 956 Jesu
624 921 759 964 Christe,
785 923 887 964 patris
912 925 1084 967 unigenite,

568 969 671 1002 Natus
695 970 766 1010 ipse
790 970 933 1012 virginis,

565 1017 700 1049 Amator
730 1018 898 1057 castitatiS,

461 1074 494 1106 2.
520 1074 568 1105 Te
590 1072 769 1114 inspirante
792 1077 915 1106 mentes
939 1075 999 1106 tibi
1024 1076 1158 1109 devotae

567 1120 690 1161 Annos,
717 1130 827 1153 sexum
852 1126 1015 1162 superant,

568 1167 714 1200 Vir-iliter
739 1169 914 1201 decertant.

458 1225 491 1258 3.
517 1224 606 1256 Inter
628 1225 799 1267 stupenda,
823 1234 904 1266 quae
928 1224 1019 1267 facis,
1046 1228 1198 1260 miracula

563 1271 717 1311 Magnum
742 1273 799 1305 dat
822 1274 1037 1311 spectaculum

565 1318 761 1359 Triumphus
787 1319 986 1355 feminarum.

459 1377 491 1409 4.
518 1375 606 1414 Quae
630 1376 802 1415 splendida
827 1377 984 1409 castitatis
1008 1378 1087 1420 lilia⁷

562 1422 609 1454 Ut
628 1423 675 1454 sic
698 1424 798 1464 magis
822 1425 959 1465 luceant,

565 1468 652 1502 Fuso
676 1472 830 1511 sanguine
852 1477 1042 1511 purpurant.

459 1528 490 1561 5.
515 1527 606 1559 Inter
631 1536 709 1567 quas
734 1529 845 1561 sancta
867 1527 965 1560 hodie
990 1529 1130 1562 Caecilia

567 1574 615 1607 Ut,
638 1584 713 1607 rosa
735 1576 771 1607 in
794 1575 923 1609 ,Iericho

568 1622 682 1654 Floret
708 1632 813 1655 eoram
838 1622 986 1658 Domino.

459 1680 493 1713 6.
519 1680 609 1712 Haec
634 1680 764 1719 quidem
788 1689 879 1714 suum
905 1690 1055 1721 sponsum
1082 1683 1287 1716 Valerianum

566 1726 641 1759 Una
666 1736 736 1759 cum
761 1726 907 1760 Tiburtio

565 1774 662 1807 Fidei
683 1775 791 1814 junxit
815 1776 945 1816 gremio,

462 1831 493 1863 7.
521 1830 605 1863 Laus
631 1831 744 1872 gloria,
770 1832 872 1864 honor
897 1834 930 1863 et
952 1833 1088 1865 victoria

570 1878 662 1910 Patri
686 1879 728 1911 sit
754 1881 786 1911 et
809 1879 875 1912 filio

572 1925 771 1967 Spirituique
794 1929 917 1960 sancto.

272 1992 377 2020 Dium.
407 2000 461 2020 ms.
492 1992 718 2020 Constantiense
748 2001 824 2020 saec.
852 1990 896 2020 14.
944 1993 1014 2021 eod.
1038 1995 1173 2022 Tmieen.
1200 1995 1332 2023 Rhenov.
1360 1993 1443 2024 CLV.
1470 2010 1508 2014 -—

193 2029 220 2066 2,
235 2029 254 2059 2
267 2039 348 2059 sexu.
362 2045 399 2050 —
413 2031 472 2058 Mit
487 2030 654 2059 Ausnahme
668 2040 728 2059 von
748 2031 805 2059 Str.
820 2030 838 2060 6
857 2031 916 2059 fast
923 2040 1000 2068 ganz
1020 2032 1085 2060 dem
1098 2030 1358 2069 Ursula-Hymnus
1372 2032 1508 2071 gleiehen

192 2070 343 2106 Anfanges
362 2067 459 2104 (Anal.
479 2070 530 2104 IV,
551 2067 619 2105 249)
637 2070 776 2097 entlelmt.

633 2163 700 2195 255.
731 2163 776 2195 De
796 2163 909 2195 sancta
929 2162 1075 2195 Caecilia.

195 2225 225 2260 1.
251 2225 302 2258 De
326 2227 438 2256 ventre
463 2227 572 2258 natum
598 2225 740 2267 virginis,
883 2226 915 2257 2.
941 2225 980 2257 In
1007 2234 1100 2257 cruce
1127 2225 1253 2257 demum
1277 2227 1423 2267 moritur,

251 2274 290 2306 In
317 2281 412 2305 carne
436 2272 541 2305 latens
565 2273 713 2314 hominis,
942 2273 1042 2313 Opem
1067 2283 1126 2314 per
1151 2273 1235 2305 hanc
1259 2274 1427 2306 redimitur

251 2323 282 2354 A
307 2323 401 2361 patre
429 2322 519 2354 venit
543 2321 661 2353 saliens
940 2321 992 2353 Ab
1018 2321 1117 2355 hostis
1144 2321 1237 2354 homo
1264 2321 1443 2360 fraudibus,

251 2369 432 2402 Verbum
462 2378 692 2411 supernum
724 2378 823 2410 pro·
940 2368 1128 2401 Exsultet
1144 2370 1293 2403 coelum
1308 2368 1507 2403 laudibus.

598 2417 734 2451 diens,
