1653 2637
616 228 679 260 143.
707 227 751 258 De
769 233 833 258 una
851 225 972 258 Electa.

683 295 733 325 Ad
750 294 908 333 Vesperas.

150 364 181 398 1.
208 363 396 397 Gratuletur
421 365 566 409 ecclesia,
830 366 863 399 4.
889 365 969 405 igne
991 363 1155 405 flagrabat
1176 362 1255 396 fidei

203 411 287 444 Nam
312 413 427 445 summi
452 414 536 455 regis
561 412 629 445 filia
891 413 1011 446 Amore
1035 420 1186 444 succensa
1211 410 1283 453 Dei,

205 461 281 493 Post
306 460 400 500 hujus
425 461 537 494 mundi
562 461 670 493 tristia
893 460 998 501 Signis
1024 459 1175 501 effulgens
1201 458 1298 491 variis

205 507 340 540 Scandit
364 509 406 540 ad
431 509 517 541 vitae
541 508 668 548 gaudia.
889 508 979 541 Coeli
1003 508 1124 548 potitur
1149 506 1312 547 praemiis.

149 566 181 599 2.
207 564 298 597 Haec
322 574 401 597 vera
427 565 545 598 Christi
570 564 691 597 famula
832 567 864 599 5.
889 565 981 598 Haec
1007 565 1047 597 de
1070 563 1155 596 valle
1178 563 1326 595 miseriae

208 614 344 646 Inventa
368 613 437 645 sine
460 613 586 645 macula
890 613 928 646 111
954 613 1092 653 patriam
1118 611 1260 643 laetitiae

207 660 311 692 Deum
335 662 455 693 amavit
477 661 600 701 sedula,
890 660 943 693 Ad
965 668 1072 700 regem
1096 660 1198 691 omnis
1223 658 1343 699 gloriae

210 707 288 740 Cum
313 717 374 748 quo
397 711 511 749 regnat
534 717 593 748 per
613 708 750 741 saecula.
894 707 997 740 Laeta
1017 707 1167 747 pervenit
1190 705 1295 739 hodie.

149 766 180 798 3.
208 764 318 797 Nobili
343 764 445 804 stirpe
469 765 585 807 genita,
834 767 864 798 6.
890 764 977 798 Laus
1003 764 1058 796 uni
1082 764 1151 796 Deo
1178 767 1210 795 et
1234 762 1328 805 trino,

208 812 273 845 Sed
297 812 472 845 virtutibus
495 812 653 855 praedita,
889 813 950 852 Qui
972 821 1030 844 nos
1054 811 1168 844 beatae
1190 809 1340 852 precibus

205 859 323 892 Mundi
349 861 539 900 contempsit
561 860 694 900 gloriam
891 860 1026 893 Peracto
1052 860 1137 892 vitae
1160 859 1296 891 termino

207 908 338 948 Adepta
364 907 483 940 Christi
508 908 653 949 gratiam.
894 907 1072 948 Conjungat
1099 907 1177 939 coeli
1204 904 1337 938 civibus.

225 973 310 1001 Brev.
330 982 384 1001 ms.
404 972 549 1008 'replense
570 974 640 1000 anni
661 970 744 1000 1353.
779 972 848 1000 Cod.
868 973 993 1008 Pragen.
1013 972 1073 1000 VH
1092 972 1117 999 F
1135 969 1182 999 23.
1201 971 1236 998 A.
1250 984 1287 989 ——
1301 971 1384 998 Brev.
1405 977 1459 996 ms.

148 1011 350 1038 Melitensium
375 1011 409 1038 in
435 1011 613 1047 Pedepontis
638 1008 665 1038 8.
692 1011 761 1038 anni
791 1008 872 1039 1398.
893 1010 926 1038 B.
946 1024 985 1029 —-
1003 1011 1088 1038 Brev.
1108 1010 1296 1038 Trebonense
1315 1015 1391 1035 saec.
1415 1004 1459 1034 15.

149 1048 219 1076 Cocl.
240 1050 362 1085 Pragen.
380 1049 425 1076 VI
447 1048 474 1077 Gr
495 1048 520 1077 6.
542 1048 573 1076 Ο.
595 1063 630 1068 -
653 1050 740 1076 Brev.
760 1057 813 1076 ms.
832 1049 982 1085 Pragense
1005 1056 1080 1076 saec.
1103 1046 1147 1075 15.
1185 1047 1254 1075 Cod.
1274 1047 1313 1073 Pr
1352 1054 1397 1072 en.
1416 1044 1460 1072 w

146 1087 171 1115 F
191 1085 219 1114 4.
235 1087 271 1113 D.
285 1102 325 1107 ——-
337 1087 422 1115 Brev.
444 1095 497 1114 ms.
511 1087 642 1115 Albense
664 1095 739 1115 saec.
762 1085 804 1114 15.
842 1087 911 1114 Ccd.
926 1087 1192 1115 Liechtensteinen.
1215 1082 1240 1112 1.
1260 1083 1287 1112 4.
1311 1083 1324 1111 1
1349 1104 1355 1110 .
1371 1083 1407 1110 Ε.
1422 1096 1459 1100 -

149 1125 351 1158 Olichtoveus‚
378 1124 614 1153 Elucidatorium
636 1125 866 1152 ecclesiasticum
886 1126 956 1160 imp.
970 1125 1106 1153 Basileae
1126 1121 1198 1151 1517
1219 1123 1253 1150 F.
1273 1138 1312 1143 —-
1332 1120 1356 1155 1,
1378 1118 1397 1149 3
1416 1121 1460 1147 vi—

147 1168 196 1191 tae
216 1164 314 1190 tristia
332 1163 368 1190 Ε.
389 1178 427 1182 -
449 1161 477 1196 1,
505 1161 525 1190 4
545 1164 621 1191 coeli
640 1163 749 1199 gaudia
767 1163 826 1191 AF.
848 1178 883 1182 —
905 1160 935 1195 2,
968 1162 981 1190 1
1003 1162 1155 1190 Ludmilla
1174 1161 1284 1189 Christi
1300 1161 1340 1195 A3
1366 1160 1412 1187 Tu
1431 1159 1461 1186 N

150 1200 261 1229 Christi
280 1202 322 1235 D3
344 1201 429 1228 Haec
446 1200 520 1229 Jesu
541 1200 650 1228 Christi
669 1201 706 1229 Ε.
727 1215 762 1220 -ψ
785 1199 810 1234 2,
832 1199 852 1228 4
873 1201 988 1229 Christo
1009 1202 1114 1237 regnat
1130 1199 1167 1226 Ε.
1188 1214 1225 1219 »-
1245 1197 1271 1231 3,
1293 1196 1311 1224 2
1325 1197 1382 1225 Sed
1401 1197 1461 1225 vir-

146 1240 259 1267 tutibus
281 1240 327 1267 est
344 1238 379 1266 E.
401 1253 438 1257 —
458 1236 489 1273 3,
519 1237 539 1266 4
560 1239 670 1267 Christi
690 1242 817 1267 meretur
836 1240 962 1275 gratiam
982 1238 1016 1265 A.
1038 1252 1074 1257 -
1095 1236 1128 1272 4,
1157 1236 1174 1264 2
1195 1236 1342 1265 Succensa
1363 1243 1461 1263 amore

146 1276 226 1304 fideli
244 1276 281 1303 E.
303 1291 340 1296 -—
362 1276 392 1310 6,
418 1275 431 1304 1
453 1277 517 1305 Deo
544 1279 574 1304 et
597 1277 708 1312 triplici
727 1277 763 1304 E.
784 1292 823 1297 —
842 1275 874 1309 6,
903 1274 920 1304 2
942 1277 1000 1311 Qui
1025 1285 1079 1305 nos
1098 1277 1126 1304 N
1151 1276 1287 1312 precibus
1303 1274 1404 1302 A-—E.
1423 1285 1461 1293 —

145 1315 198 1343 Als
219 1316 256 1343 de
276 1322 336 1342 una
354 1315 447 1342 vidua
466 1314 582 1350 ADEF',
605 1314 640 1343 de
661 1318 764 1344 sancta
783 1314 932 1344 Ludmilla
955 1316 987 1350 C,
1008 1315 1044 1343 de
1064 1322 1088 1343 s.
1112 1315 1211 1343 Maria
1224 1314 1409 1352 Aegyptiaca
1427 1311 1460 1342 Β.

623 1437 688 1469 144.
716 1438 761 1470 De
780 1447 843 1470 una
862 1439 986 1471 Electa.

673 1506 721 1536 Ad
741 1505 935 1536 Nocturnum.

149 1575 180 1608 1.
207 1575 298 1607 Haec
323 1576 438 1607 summi
463 1576 547 1616 regis
573 1575 693 1608 famula
833 1578 864 1611 3.
891 1576 1004 1610 Carnis
1029 1577 1132 1609 soluta
1157 1575 1291 1608 nexibus

205 1621 336 1655 Effulsit
359 1624 476 1655 mundo
503 1623 651 1664 celebris,
892 1624 1034 1658 infertur
1059 1624 1141 1657 coeli
1165 1624 1254 1667 solio,

204 1671 292 1710 Quae
316 1673 352 1701 ut
375 1670 464 1703 sidus
492 1671 532 1703 de
556 1672 674 1704 nebula
893 1674 979 1713 Quae
1003 1673 1094 1705 nobis
1119 1672 1182 1713 piis
1207 1670 1358 1712 precibus

203 1718 249 1750 Et
271 1719 328 1750 lux
353 1719 462 1758 prodit
488 1719 527 1750 de
552 1719 703 1754 tenebris.
893 1721 1067 1753 Succurrat
1089 1720 1123 1751 in
1148 1719 1253 1751 exilio.

145 1777 179 1809 2,
205 1774 350 1808 Gloriam
374 1776 485 1808 mundi
510 1776 637 1816 penitus
834 1778 866 1811 4.
892 1777 980 1809 Laus
1004 1778 1061 1809 uni
1084 1777 1155 1808 Deo
1180 1779 1214 1808 et
1236 1776 1332 1816 trino,

205 1823 368 1864 spernens
395 1823 513 1855 virtute
540 1824 663 1864 claruit,
892 1825 950 1865 Qui
975 1833 1032 1856 nos
1058 1823 1239 1857 Ludmillae
1262 1822 1412 1864 precibus

205 1872 374 1904 Illustrata
399 1871 551 1904 divinitus
891 1871 1027 1904 Peracto
1053 1872 1138 1905 vitae
1163 1871 1298 1904 termino

203 1919 271 1952 Deo
295 1920 418 1952 servire
442 1919 576 1953 studuit.
892 1920 981 1953 Coeli
1006 1920 1179 1962 conjungat
1203 1919 1336 1953 civibus,

220 1986 306 2014 Brev.
327 1994 381 2014 ms.
402 1986 547 2023 Teplense
568 1987 639 2014 anni
662 1984 743 2015 1353.
779 1984 847 2014 Cod.
868 1987 993 2022 Pragen.
1013 1986 1072 2015 VII
1091 1987 1116 2014 F
1136 1983 1182 2014 23.
1194 1987 1229 2014 A.
1250 2001 1288 2004 —
1301 1985 1387 2013 Brev.
1406 1993 1459 2012 ms.

143 2025 333 2053 Trebonense
360 2033 437 2052 saec.
467 2022 510 2052 15.
552 2024 621 2053 Ood.
643 2025 767 2062 Pragen.
793 2025 837 2053 VI
864 2025 891 2054 G
911 2023 936 2054 6.
959 2026 992 2054 B.
1015 2039 1051 2044 —
1070 2025 1156 2053 Brev.
1177 2033 1229 2053 ms.
1250 2025 1400 2061 Pragense
1418 2024 1462 2052 IV

139 2063 164 2090 F
189 2061 217 2090 4.
246 2072 322 2092 saec.
353 2061 396 2091 15.
425 2062 456 2090 O.
482 2079 518 2083 —
540 2063 625 2091 Brev.
652 2073 706 2092 ms.
737 2063 980 2101 Pedepontanum
1007 2065 1078 2091 anni
1108 2060 1188 2092 1398.
1237 2062 1306 2091 Cod.
1327 2062 1459 2091 Meliten.

138 2101 265 2137 Pragen.
286 2100 313 2130 8.
334 2102 371 2130 D.
392 2116 429 2121 -
451 2101 475 2137 1,
497 2100 515 2129 2
537 2103 645 2130 mundo
667 2102 789 2131 coelitus
806 2103 840 2131 B.
862 2119 899 2123 —
921 2103 969 2131 De
988 2102 1087 2130 vidua.
1128 2103 1164 2130 In
1184 2101 1322 2130 laudibus
1342 2102 1377 2129 A.

614 2215 678 2247 145.
708 2215 751 2247 De
772 2224 837 2247 una
857 2215 979 2248 Electa.

140 2286 172 2319 1.
198 2286 262 2319 Hic
288 2286 356 2319 dies
382 2286 474 2319 nobis
499 2287 618 2327 gaudia
829 2289 862 2320 2.
889 2288 990 2327 Quam
1015 2286 1094 2320 felix
1119 2296 1162 2331 es,
1189 2297 1207 2320 o
1235 2286 1373 2327 domina,

197 2335 345 2367 Praestet
370 2339 403 2367 et
427 2334 592 2377 beneficia,
889 2335 975 2375 Quae
1002 2339 1117 2368 cuncta
1141 2335 1318 2368 mundialia

200 2383 266 2422 Quo
292 2385 405 2415 sancta
428 2382 510 2415 haec
535 2382 577 2415 ad
602 2383 734 2415 aethera
889 2383 1058 2424 Sprevisti,
1085 2392 1206 2416 summo
1233 2383 1340 2416 studio

200 2429 346 2471 Scandit,
372 2439 466 2471 quam
491 2434 565 2463 actu
591 2431 732 2464 colimus.
890 2431 933 2469 Ut
958 2431 1151 2472 adhaereres
1177 2431 1329 2467 Domino.
