1653 2637
631 89 894 125 -296—

103 188 134 222 7,
160 186 264 225 Hujus
290 185 358 219 voti
384 195 512 227 compos
538 185 641 218 factus

208 242 291 265 nunc
316 234 436 274 gaudes
461 234 492 265 in
521 233 720 273 coelestibus,

162 279 237 311 Sine
261 278 325 312 fine
350 281 476 313 Christo
499 282 640 320 junctus,

208 330 277 359 esto
306 329 446 359 clemens
471 328 681 368 supplicibus

791 188 823 220 8.
850 186 943 218 Dona
970 187 1115 218 coelestis
1139 187 1261 227 gratiae

895 233 958 264 tuis
983 232 1100 272 largire
1126 232 1264 274 famulis,

847 279 913 318 Quo
939 281 1088 319 perennis
1113 280 1256 313 laetitiae

898 330 1003 358 tecum
1028 325 1170 360 fruamur
1196 328 1332 368 gaudiis.

470 396 503 427 9.
530 394 580 427 Sit
602 394 674 426 laus
698 402 819 425 summo
845 392 991 433 genitori,

573 441 615 473 sit
640 442 709 472 laus
734 443 809 472 nato
834 441 1041 480 redemptori,

531 487 695 528 Simulque
720 490 830 520 sancto
855 488 1018 527 pneumati

578 536 682 567 honor
714 543 784 567 cum
808 536 905 567 laude
928 535 1064 575 perpeti.

181 630 292 664 Hymn.
317 637 371 657 ms.
398 629 512 657 Woltin
536 628 685 657 eroclensis
714 637 790 657 saec.
813 627 856 657 13.
897 629 967 658 Cod.
992 629 1248 664 Guelfenbyteran.
1273 629 1312 657 H.
1339 626 1421 658 1304.

104 668 157 696 fol.
179 665 244 695 278.
266 682 302 687 -—
324 667 409 696 Nach
429 667 486 695 Str.
545 668 673 695 Divisio.

528 827 594 859 527.
622 827 666 858 De
687 828 794 859 sancto
817 826 1008 859 Willibaldo.

114 922 143 952 1.
172 920 251 952 Jure
279 918 419 958 gliscunt
443 917 534 950 nobis
560 926 691 957 summa,

222 965 350 1009 fratres,
377 966 494 997 mentis
519 965 645 1006 gaudia,

167 1015 325 1047 Praesens
352 1012 466 1045 festum
496 1013 569 1045 dum
597 1012 711 1045 devote

219 1062 369 1093 debemus
395 1061 591 1101 persolvere,

171 1109 261 1148 Quod
290 1109 410 1141 dicavit
434 1117 523 1140 sacer
550 1117 606 1140 suo

219 1156 429 1188 willibaldus
453 1156 601 1189 transitu.

116 1224 149 1257 2,
176 1222 279 1254 Natus
302 1223 374 1262 ipse
401 1223 488 1254 celsa
512 1231 588 1254 vere

220 1269 398 1310 Anglorum
422 1270 584 1309 progenie,

173 1317 225 1348 Sic
250 1320 284 1348 ut
310 1325 400 1357 reges
428 1320 533 1348 essent
559 1317 607 1348 illi

219 1365 315 1403 atque
341 1363 436 1395 duces
462 1363 611 1405 proximi,

172 1411 217 1441 At
240 1410 298 1441 hos
323 1418 431 1441 omnes
454 1411 549 1449 longe
573 1412 639 1442 suis

220 1457 469 1488 transcendebat
491 1457 626 1489 meritis.

116 1524 147 1557 3.
173 1523 236 1554 Per
262 1524 398 1553 aetatem
423 1525 590 1561 postquam
616 1526 703 1553 recte

222 1568 327 1608 potuit
353 1568 543 1610 discernere,

173 1616 253 1648 Mox
277 1615 415 1654 replevit
441 1615 558 1647 Christi
580 1616 670 1654 jussa

220 1665 326 1694 mente
350 1662 541 1701 voluntaria,

174 1710 260 1748 Quae
284 1710 446 1749 sequenda
467 1710 573 1742 sanxit
596 1709 661 1741 suis

226 1757 362 1788 clemens
387 1757 444 1788 ille
468 1756 615 1789 famulus.

118 1825 149 1857 4.
176 1823 306 1863 Sprevit
331 1831 406 1863 opes
431 1823 541 1855 mundi
566 1826 659 1865 totas,

224 1880 300 1911 quas
325 1870 464 1902 habebat
488 1870 647 1910 proprias>

175 1918 310 1950 Crucem
328 1917 448 1950 Christi
471 1920 603 1957 portans
624 1926 742 1958 seeum,

223 1966 326 2005 ipsum
352 1973 486 2004 sequens
510 1973 570 2004 per
595 1973 717 2004 aevum,

177 2011 347 2044 Exsulavit
370 2011 586 2050 patriarcham

224 2059 366 2090 imitatus
391 2059 565 2090 Abraham.

119 2128 150 2161 5.
176 2125 278 2159 Duxit
303 2134 365 2157 una
391 2123 522 2156 fratrem
547 2134 637 2157 suum

222 2172 452 2205 Wunibaldum
478 2173 646 2215 dominum,

177 2221 245 2254 Nec
268 2229 330 2252 non
356 2222 477 2259 patrem
504 2229 542 2251 ac
566 2228 716 2260 sororem,

225 2267 458 2306 Waldpurgam
484 2267 724 2309 sanctissimam,

178 2315 391 2350 perlustravit
413 2314 484 2346 loca
509 2317 620 2346 sancta

226 2362 422 2396 subornandi
446 2362 559 2402 gratia.

814 919 844 951 6.
870 917 991 949 Romae
1013 917 1103 949 Pet-ri
1127 920 1222 958 atque
1247 917 1337 949 Pauli

918 963 1135 1005 frequentavit
1158 965 1269 997 limina

869 1014 977 1052 Atque
998 1013 1118 1052 passim
1144 1013 1385 1052 circumquaque

907 1063 1013 1092 cetera
1042 1060 1191 1102 sacraria,

859 1107 900 1140 Se
925 1116 1061 1148 suosque
1084 1108 1239 1139 mandans
1264 1108 1383 1139 sanctis

906 1156 940 1187 in
965 1156 1068 1187 isdem
1091 1154 1277 1188 reconditis,

813 1224 845 1255 7.
872 1222 926 1255 Gis
951 1226 985 1254 et
1009 1223 1092 1254 citra
1114 1230 1206 1254 mare
1228 1230 1376 1262 magnum

918 1271 1059 1302 lustrans
1085 1269 1172 1301 orbis
1200 1269 1363 1309 ambitum,

870 1317 949 1349 Fuit
973 1317 1121 1351 Christus
1146 1326 1207 1357 quo
1236 1319 1389 1358 versatus,

918 1364 965 1396 ibi
990 1365 1108 1397 mansit
1134 1364 1287 1405 crebrius,

870 1411 1034 1444 Patienter
1064 1412 1118 1443 hic
1140 1412 1269 1446 labores

919 1459 1048 1490 sustulit
1071 1459 1275 1499 multiplices,

816 1526 847 1556 8.
872 1523 904 1554 Is
933 1524 975 1554 ad
1000 1526 1125 1563 tempus
1150 1525 1222 1556 luce
1250 1526 1372 1566 prims,

918 1573 993 1610 post
1018 1571 1121 1603 eidem
1147 1571 1303 1611 redditus,

870 1615 1056 1649 Sustinebat
1079 1618 1204 1658 famem,
1232 1619 1317 1652 sitim

918 1664 992 1704 algu
1017 1669 1051 1697 et
1074 1664 1293 1708 fortissimum,

873 1712 933 1743 Hic
957 1721 1016 1752 pro
1044 1715 1165 1746 eunctis
1190 1714 1259 1748 Deo
1285 1725 1417 1757 magnas

919 1767 1045 1800 semper
1070 1762 1145 1793 tulit
1169 1764 1299 1803 gratias

813 1825 843 1857 9.
869 1824 973 1866 Sagax
998 1825 1058 1859 fuit
1082 1828 1116 1859 in
1142 1829 1258 1862 divinis

919 1874 1092 1915 mundique
1119 1878 1263 1923 negotiis,

872 1919 996 1961 Castus,
1023 1922 1140 1966 largus,
1163 1929 1359 1968 mansuetus,

917 1968 1053 2010 sobrius,
1077 1970 1283 2014 humillimus,

873 2014 988 2056 Sicque
1012 2015 1091 2050 felix
1115 2020 1157 2051 ad
1183 2019 1311 2054 felicem

918 2065 1006 2096 venit
1029 2064 1222 2105 Bajoariam.

802 2128 855 2160 10.
871 2128 1046 2163 Ordinante
1070 2133 1103 2165 in
1128 2144 1189 2176 qua
1212 2137 1340 2171 Christo

921 2181 1017 2218 atque
1037 2180 1205 2216 Bonifacio

873 2224 1045 2259 Clericales
1068 2237 1175 2262 omnes
1201 2232 1320 2271 gradus

919 2274 1042 2314 accepit
1069 2277 1282 2320 dignissimus,

873 2318 1076 2355 Praesulatus
1104 2325 1205 2358 donee
1228 2337 1382 2360 summam

919 2369 1106 2406 possidebat
1137 2374 1333 2408 cathedram.
