1653 2637
733 157 994 193 -265—

643 288 711 321 469.
742 290 785 322 De
805 291 912 322 saneto
932 290 1079 322 Roberto.

192 373 223 405 1.
251 374 334 406 Olim
360 384 501 407 vernans
528 378 704 418 Campania
887 382 918 413 3.
944 380 1112 412 Benedicti
1136 381 1239 420 patris
1264 382 1416 424 aemulus,

250 421 378 453 Novum
403 424 562 462 produxit
585 423 760 470 flosculum,
946 427 1000 459 Sic
1023 428 1072 459 illi
1097 437 1132 459 se
1158 431 1385 468 contemperat,

252 467 348 508 Cujus
375 470 468 502 nobis
495 470 669 512 fraglantia
948 475 990 508 Ut
1015 474 1103 507 fonte
1127 485 1258 507 manans
1285 477 1405 508 rivulus

251 515 345 548 Vitae
370 521 518 557 praestat
542 521 750 560 spiraculum.
943 524 1052 563 Aquas
1078 524 1164 555 vitae
1189 523 1402 558 circumferat.

195 593 227 626 2.
255 592 478 626 Cisterciensis
503 597 626 628 ordinis
883 600 916 632 4.
941 599 1013 640 Eia,
1041 598 1170 639 fratres,
1194 600 1260 639 jam
1285 600 1431 639 plaudite

252 640 377 672 Primus
404 642 508 674 cultor
534 646 566 675 et
590 645 728 687 regulae,
942 646 1076 678 Roberti
1101 647 1140 678 ob
1166 647 1360 689 memoriam,

250 687 386 720 Causam
413 689 502 721 dedit
528 691 660 730 originis
941 693 1068 726 Laudes
1093 695 1195 733 patris
1220 695 1357 726 attollite

249 734 426 775 Religionis
452 737 626 776 plantulae.
941 740 1109 780 Sequendo
1135 742 1384 775 sanctimoniam.

584 815 614 845 5.
640 813 699 852 Qui
725 815 813 846 velut
838 815 885 846 sol
907 815 939 846 in
966 816 1096 848 aethere

637 861 745 893 Fulsit
768 862 799 893 in
828 863 920 894 domo
947 863 1084 902 Domini,

639 909 751 941 Clarus
776 909 874 949 signis
900 913 932 941 et
956 919 1062 949 opere,

639 956 739 989 Carus
763 956 833 988 Deo
859 959 890 988 et
915 957 1046 990 homini.

262 1039 342 1067 Orat.
367 1048 420 1066 ms.
442 1039 606 1075 Campense
625 1042 697 1068 anni
719 1038 801 1068 1462.
843 1041 914 1069 God.
938 1042 1156 1069 Darmstadien.
1178 1040 1242 1070 521.

611 1190 681 1220 470.
708 1190 751 1220 De
772 1190 880 1221 sancto
901 1189 1068 1221 Radberto.

187 1277 217 1310 1.
245 1278 363 1320 Macte,
391 1288 512 1311 summe
538 1278 752 1310 confessorum
878 1282 910 1312 2.
937 1279 985 1311 Sit
1010 1280 1097 1319 patri
1120 1281 1230 1323 virtus,
1258 1284 1410 1320 potestas,

293 1325 372 1358 Cum
398 1326 525 1358 Christo
551 1327 761 1366 regnantium,
984 1336 1100 1367 perpes
1126 1328 1374 1371 sempiternitas,

246 1372 360 1414 Gregis
386 1374 432 1406 tui
457 1377 569 1414 pastor
594 1374 676 1413 pius,
934 1374 1014 1413 Ejus
1041 1378 1213 1415 concrepet
1238 1378 1270 1407 et
1293 1379 1368 1408 nato

292 1423 405 1453 adesto
429 1422 637 1461 precantibus
984 1422 1093 1464 honor,
1118 1422 1278 1463 jubilatio,

243 1468 289 1500 Et
312 1469 480 1500 criminum
506 1472 708 1501 veternorum
934 1470 1103 1501 Pneumati
1128 1470 1171 1501 sit
1194 1471 1264 1502 laus
1289 1471 1439 1510 perennis

204 1513 222 1528 ⁸
291 1517 417 1549 resolve
444 1517 702 1557 chirographum.
984 1518 1182 1549 saeculorum
1208 1519 1353 1551 saeculis.

259 1601 346 1629 Brev.
367 1610 422 1629 ms.
442 1601 694 1629 Lambrechtense
713 1610 791 1630 saec,
814 1600 858 1629 15.
900 1601 969 1629 Cod.
987 1602 1168 1639 Eschingan.
1188 1600 1253 1631 313.

612 1751 674 1783 471.
701 1752 744 1783 De
764 1754 874 1783 saneta
895 1751 1097 1783 Scholastica.

716 1839 765 1868 Ad
784 1839 975 1869 Nocturnum.

181 1929 211 1963 1.
239 1928 335 1961 Nunc
361 1930 491 1960 sanctae
515 1928 608 1960 nobis
635 1928 778 1969 virginis,
875 1930 906 1962 3.
934 1929 1025 1961 Haec
1049 1929 1139 1969 virgo
1166 1929 1381 1961 sacratissima

239 1976 377 2016 Christe,
406 1977 447 2009 da
471 1975 556 2008 festa
578 1977 692 2014 colere,
932 1976 1080 2009 Servavit
1104 1977 1280 2016 pudicitiae

239 2025 302 2057 Pro
329 2025 426 2056 castis
453 2026 543 2066 quus
568 2024 692 2057 meritis
930 2024 1081 2056 Formam
1107 2028 1139 2055 et
1163 2025 1232 2056 sine
1258 2024 1383 2056 macula

238 2073 285 2105 Te
311 2074 368 2105 das
394 2073 427 2104 in
454 2072 551 2104 coelis
578 2081 719 2104 cernere.
928 2072 1048 2105 Tecum
1073 2072 1165 2104 sedet
1188 2072 1222 2103 in
1247 2072 1387 2105 aethere.

177 2153 209 2183 2.
235 2150 326 2183 Haec
351 2159 410 2190 pro
436 2154 469 2181 te
493 2149 604 2181 mundi
630 2148 747 2189 gaudia
869 2150 902 2182 4.
929 2149 1028 2188 Quam
1054 2158 1223 2189 precamur
1248 2149 1386 2189 assidue,

237 2198 411 2239 spernens,
439 2207 500 2238 quo
528 2197 618 2241 vixit,
645 2200 801 2240 tempore,
928 2196 975 2230 Ut
999 2197 1117 2229 nostris
1142 2206 1201 2237 pro
1227 2197 1369 2230 reatibus

236 2246 366 2278 Laudes
392 2249 488 2286 atque
512 2246 698 2286 precamina
930 2245 979 2277 Sit
1003 2245 1090 2285 apud
1115 2247 1158 2285 te,
1183 2245 1337 2285 piissime,

237 2293 396 2326 Studebat
425 2294 484 2326 tibi
509 2294 645 2328 solvere.
928 2293 1057 2325 Oratrix
1082 2293 1148 2325 suis
1174 2293 1334 2333 precibus,

581 2372 611 2404 5.
639 2372 784 2411 Praesta,
813 2372 906 2410 pater
931 2370 1085 2409 piissime.

251 2455 336 2483 Brev.
357 2464 411 2482 ms.
433 2455 574 2483 Curiense
595 2464 671 2483 saec.
696 2453 740 2483 15.
782 2454 852 2482 Cod.
873 2453 960 2481 Arch.
983 2453 1152 2490 Sangallen.
1172 2454 1329 2482 Fabarien.
1350 2454 1404 2481 [X.
