1653 2637
763 132 1019 169 -124-

235 229 426 271 11.Largus
451 231 553 273 dator,
577 230 680 263 laetus
706 239 842 271 semper,

350 279 527 311 luculenter
551 278 693 310 tribuens

303 328 489 360 Animarum
514 333 742 365 corporumque

349 373 524 407 abundanti
547 373 675 413 pabulo,

303 422 487 463 viduarum,
514 420 736 459 orphanorum,

349 476 443 501 verus
466 471 577 507 pastor
599 467 746 498 omnium.

234 526 288 560 12.
314 523 423 559 Mensa
450 524 516 563 eJ'us
539 526 652 562 patens
680 524 749 554 erat

350 571 470 603 cunctis
493 569 720 609 indigentibus,

301 620 412 651 Plures
436 625 593 657 pauperes
617 616 724 648 alebat

347 667 441 704 atque
464 665 580 696 multos
606 664 756 703 advenas,

299 713 506 751 Elemosynas
529 711 647 742 utendo

346 760 430 791 inter
455 759 563 790 ambas
587 758 722 790 idumas.

231 818 286 850 13.
300 813 400 850 Notus
424 815 508 846 inter
532 814 604 847 illas
629 817 737 855 gentes

346 865 382 895 ut
404 862 494 894 Elias
519 861 696 901 Thesbites,

301 911 412 943 Ortum
438 911 548 941 contra
571 909 661 940 illum
684 908 804 941 bellum

347 957 412 989 acsi
438 957 504 995 ejus
528 957 691 996 temporis,

297 1004 453 1036 Falsitate
477 1005 641 1035 accusatus

343 1052 377 1083 in
402 1052 572 1090 conspectu
596 1049 761 1090 principis

230 1109 287 1142 14.
302 1104 350 1140 Ob
376 1107 527 1138 invidiam
558 1107 706 1146 expulsus

346 1164 365 1186 a
385 1153 581 1185 Francorum
610 1152 755 1193 principe

298 1202 394 1234 Velut
418 1201 561 1233 Clemens
588 1201 705 1232 dudum
731 1200 830 1232 Roma

346 1259 366 1281 a
389 1248 527 1287 Trajano
554 1246 699 1289 Caesare,

300 1295 431 1328 Nullum
456 1294 650 1334 adprobatus
676 1295 795 1327 crimen

346 1342 435 1374 exsul
459 1341 563 1373 factus
585 1342 719 1380 patriae.

230 1399 285 1431 15.
298 1396 413 1432 Plures
438 1397 584 1430 Clemens
614 1398 719 1429 salvat
742 1401 850 1437 gentes

346 1448 546 1477 sacrosancto
573 1445 727 1486 dogmate,

299 1493 344 1524 Et
366 1492 419 1524 hic
442 1493 557 1524 multos
581 1495 667 1523 recto
696 1492 784 1524 ducit

344 1539 386 1572 ad
411 1539 540 1571 aethera
564 1539 701 1578 tramite,

299 1586 414 1620 Verbis
440 1588 472 1617 et
496 1586 639 1626 exemplo
665 1586 780 1618 docens

341 1633 465 1676 populo
491 1633 693 1667 Sicambrico.

228 1691 282 1724 16.
300 1688 417 1729 Quanti
439 1692 532 1729 putas
558 1689 615 1721 sub
642 1689 803 1722 Clemente

343 1737 425 1769 salvi
448 1740 524 1769 sunt
544 1738 579 1768 in
601 1736 730 1770 insula?

296 1784 456 1823 Multique
481 1787 512 1816 et
535 1783 593 1817 sub
621 1785 779 1817 Ansberto

342 1831 472 1870 Belgica
495 1831 668 1872 provincia,

296 1880 379 1919 Quos
407 1879 549 1911 docendo
574 1879 616 1911 ad
642 1883 772 1911 aeterna

346 1926 495 1958 excitavit
519 1926 670 1966 praemia.

914 230 968 262 17.
981 226 1099 268 Rapax
1121 228 1172 260 illi
1197 228 1314 260 damna
1336 228 1437 260 hostis

1029 276 1144 308 missus
1171 278 1220 308 est
1241 274 1395 316 infligere,

983 323 1046 356 Sed
1071 326 1233 362 protector
1257 332 1313 354 suo
1340 322 1484 355 Christus

1030 371 1117 401 auxit
1141 371 1231 403 lucra
1254 370 1359 408 militi,

982 417 1154 457 Adquisita
1177 417 1239 449 sibi
1263 417 1358 456 plebe

1030 464 1111 496 citra
1133 464 1286 496 Sambrae
1308 463 1448 495 flumina.

913 521 966 553 18.
980 518 1078 555 Suum
1100 521 1230 560 ,iamque
1252 529 1355 559 prope
1379 518 1474 551 finem

1028 567 1235 608 prophetavit
1257 567 1422 605 fratribus,

982 615 1072 655 Quod
1096 615 1217 646 rediret
1240 614 1462 646 Fontanellam

1028 662 1250 694 consummatis
1273 663 1428 704 omnibus,

980 710 1094 749 Sicque
1119 717 1214 741 carne
1237 710 1395 741 resolutus

1015 757 1131 798 gaudet
1155 757 1189 788 in
1214 757 1414 788 coelestibus.

911 815 965 848 19.
980 811 1102 847 Tantus
1127 814 1183 844 ille
1207 813 1287 844 odor
1311 812 1446 844 fratrum

1026 861 1207 899 repleverat
1230 860 1371 901 nan'bus,

978 907 1057 940 Acsi
1082 916 1189 939 omnes
1213 907 1354 946 paradisi

1025 956 1215 987 interessent
1240 952 1381 993 floribus,

979 1002 1069 1041 Quod
1099 1010 1158 1033 nec
1182 1002 1291 1040 lingua
1313 1003 1398 1033 valet
1421 1005 1532 1034 nostra

1023 1048 1170 1089 proferre
1193 1049 1227 1080 in
1253 1049 1392 1082 vocibus

908 1107 962 1138 20.
978 1103 1079 1138 Vovit
1100 1105 1223 1147 vivens,
1255 1106 1339 1144 quod
1366 1104 1533 1137 defunctus

1025 1152 1213 1191 adimplevit
1238 1160 1343 1194 opere,

979 1200 1041 1232 Suo
1066 1202 1175 1230 sancto
1202 1199 1380 1239 deportato,

1025 1247 1109 1287 quod
1133 1246 1305 1287 praedixit,
1333 1255 1474 1289 corpore,

975 1293 1144 1333 ipsiusque
1166 1296 1301 1325 narrant
1323 1296 1413 1334 gesta

1025 1343 1152 1373 ostensa
1175 1340 1340 1375 miracula.

907 1394 1150 1431 21.Ymnidiea
1178 1397 1361 1436 angelorum

1025 1444 1150 1483 agmina
1173 1442 1356 1485 perfulgida

980 1491 1167 1524 Goelestium
1191 1499 1276 1523 nunc
1301 1492 1468 1531 conjuncta

1025 1538 1092 1577 ejus
1117 1542 1227 1570 sancta
1251 1539 1355 1570 anima

979 1585 1105 1619 Christo
1129 1586 1198 1617 sine
1220 1584 1284 1617 fine
1308 1584 1417 1617 fruens

1025 1634 1218 1672 sempiterna
1243 1633 1369 1672 gaudia.

907 1691 961 1723 22.
977 1687 1068 1723 Zona
1092 1690 1160 1729 eJus
1185 1689 1398 1723 circumcincti

1027 1737 1168 1769 caritatis
1191 1738 1328 1780 vinculo,

977 1785 1053 1817 Zelo
1077 1784 1217 1824 spiritali
1241 1785 1329 1824 pleni

1026 1832 1194 1872 diligamus
1218 1833 1408 1873 proximum,

977 1880 1023 1913 Ut
1046 1879 1152 1919 ipsum
1177 1881 1326 1911 aeternae
1352 1880 1436 1913 vitae

1025 1935 1202 1958 mereamur
1230 1927 1360 1960 socium.

302 1992 370 2019 Cod.
392 1991 498 2018 Portus
517 1991 637 2019 Gratiae
654 1990 702 2025 (ol.
716 1989 928 2025 Fontanellen.)
946 1988 1002 2019 332
1014 1990 1051 2026 (A
1070 1988 1118 2024 34)
1139 1999 1215 2018 saec.
1236 1988 1262 2017 9.
1282 2005 1319 2009 --
1340 1989 1367 2024 8,
1388 1989 1408 2018 4
1420 1991 1531 2027 Egenti

225 2031 338 2065 stipem.
362 2044 402 2049 -—
428 2027 458 2062 9,
484 2027 504 2056 4
529 2030 664 2056 circuivit
686 2028 833 2065 parochia.
859 2043 894 2048 —-
921 2029 957 2055 Tn
977 2028 1033 2056 Str.
1057 2025 1093 2055 21
1114 2028 1254 2056 scheinen
1273 2028 1321 2056 die
1341 2029 1444 2057 Worte
1463 2039 1529 2058 ver-

225 2068 318 2095 stellt:
343 2067 522 2102 Hymnidica
548 2068 665 2102 agmina
689 2069 793 2094 sancta
816 2066 987 2102 angelorum
1010 2066 1176 2102 pei-fulgida
1194 2066 1350 2094 coelestem
1369 2075 1449 2094 nunc
1468 2068 1531 2103 ejus

226 2106 381 2140 conjuncta
407 2105 506 2131 anima
531 2113 597 2132 cum
618 2104 732 2132 Christo
759 2105 824 2131 sine
848 2105 907 2132 fine
925 2104 1024 2131 fruens
1043 2105 1221 2140 sempiterna
1239 2104 1349 2139 gaudia
1367 2105 1422 2133 Hs.

224 2143 401 2178 Hymnidico
426 2163 429 2169 .
453 2163 459 2169 .
483 2163 486 2169 .
508 2143 637 2179 agmini?

1461 2106 1531 2134 Lies

621 2225 689 2256 205.
720 2224 761 2255 De
780 2232 806 2256 s.
826 2224 958 2256 Antonio
978 2223 1130 2256 Eremita.

226 2288 256 2320 1.
284 2285 422 2319 Plaudat
446 2285 559 2317 chorus
585 2286 776 2326 coelestium,

284 2334 431 2366 Resultet
453 2332 527 2365 orbs
551 2333 758 2372 terrestrium,

287 2382 370 2414 Dum
395 2379 494 2412 refert
518 2380 594 2413 solis
619 2380 724 2413 orbita

282 2428 415 2461 Antonii
438 2428 599 2461 solemnia.

906 2286 937 2317 2.
963 2285 1023 2324 Qui
1047 2285 1138 2316 annis
1163 2285 1339 2325 puerilibus

965 2332 1129 2365 Orbitatus
1157 2333 1344 2373 parentibus

962 2380 1070 2421 Elegit
1091 2381 1181 2420 sequi
1204 2380 1385 2422 Dominum,

963 2429 994 2460 A
1019 2437 1079 2469 quo
1104 2430 1229 2469 accepit
1253 2431 1445 2470 centuplum.
