1653 2637
717 134 975 170 -118—

279 230 364 257 Brev.
384 238 437 257 ms.
451 230 561 257 Montis
577 230 606 258 S.
620 231 733 258 Mariae
754 238 829 257 saec.
846 228 890 257 14.
924 228 995 256 (¹06.
1011 227 1266 261 Guelfenbyreran.
1283 225 1337 255 170
1349 226 1397 258 (H.
1414 224 1506 260 1452).

197 267 233 294 A.
259 282 296 286 -
322 268 407 295 Brev.
442 276 496 295 ms.
521 268 630 295 Montis
657 271 686 295 S.
711 269 824 296 Mariae
853 268 921 294 anni
952 264 1031 294 1340.
1073 265 1142 293 0011.
1168 265 1423 300 Guelfenbyteran.
1450 262 1506 291 546

199 304 238 336 (H
260 304 334 340 506).
354 306 388 333 Β.
420 320 447 325 -—
461 305 568 340 Hymn.
589 315 642 333 ms.
663 315 737 334 saec.
755 304 798 332 14.
833 305 900 332 Oocl.
915 304 1170 338 Guelfeubyteran.
1184 303 1310 330 Helmst.
1326 300 1408 331 1374.
1424 301 1454 330 C.
1468 315 1507 320 —-

200 341 269 370 Cod.
289 343 497 370 Monasterien.
518 341 572 371 239
592 341 670 373 (723)
689 352 764 371 saec.
787 341 829 369 15.
852 343 889 369 D.
911 357 946 361 —
968 339 995 377 2,
1025 339 1043 367 2
1063 342 1162 368 suavis
1182 341 1299 376 gaudiis
1319 341 1355 368 D.
1377 355 1414 359 —
1435 336 1467 372 3,
1488 337 1506 365 2

198 380 296 408 Suave
315 382 394 409 cives
415 380 522 408 coelice
541 382 578 409 D.
598 395 635 400 —
655 381 680 416 a,
702 382 721 408 4
740 380 800 408 Dat
818 380 856 407 D.

661 508 722 539 192.
754 507 798 538 De
820 508 929 538 sancta
948 508 1046 539 Anna.

724 573 771 604 Ad
791 573 981 603 Noctwnwn.

200 645 238 677 1.
265 645 360 677 Ohori
384 644 540 685 plaudant
561 644 710 675 alacriter
881 645 912 677 3.
937 644 989 675 Ex
1013 643 1168 682 Joachim,
1199 651 1290 683 quem
1315 643 1426 675 habuit

255 692 448 731 Angelomm
475 693 507 722 et
531 691 699 733 hominum,
932 691 1026 722 Vitae
1047 692 1149 723 virum
1175 691 1318 732 eximiae,

257 738 512 779 Congratulando
537 738 658 777 pariter
935 737 1021 770 Coeli
1045 738 1186 778 reginam
1208 738 1327 777 genuit,

259 786 356 818 Matri
382 785 509 825 reginae
534 785 701 825 virginum.
934 784 1071 817 Matrem
1096 785 1172 816 solis
1185 785 1338 824 ¹jus‘ti‘t-iae.

197 845 229 876 2.
256 842 342 881 Quae
365 850 474 883 regum
500 844 533 872 et
556 840 741 881 pontificum
875 843 907 874 4.
934 841 971 873 In
997 842 1126 874 sedibus
1151 841 1310 881 regalibus

258 890 368 922 Proles
395 892 427 921 et
448 891 550 920 mater
574 898 760 928 paupemm,
937 889 1015 922 Cum
1039 888 1106 921 filia
1128 889 1194 927 jam
1217 889 1344 928 jubilat,

255 937 378 969 Ornans
403 937 528 968 horbem
554 936 744 968 dominicum
935 937 1021 974 Quae
1043 944 1121 976 prae
1147 936 1248 967 beatis
1274 935 1418 967 omnibus

257 984 352 1015 Velut
376 984 495 1023 lignum
519 981 730 1016 fructifemm.
936 983 982 1015 Ut
1005 984 1053 1015 sol
1078 991 1156 1023 prae
1181 983 1283 1014 stellis
1310 983 1430 1017 rutilat,

603 1041 634 1071 5.
662 1040 711 1071 Sit
734 1040 835 1071 honor
860 1040 927 1079 regi
951 1040 1078 1081 gloriae,

658 1088 718 1126 Qui
744 1086 866 1118 meritis
892 1090 924 1117 et.
947 1087 1095 1126 precibus

656 1134 761 1173 HuJ'us
786 1134 897 1164 matris
923 1138 955 1165 et
975 1133 1062 1165 filiae

659 1181 724 1212 Nos
747 1180 859 1220 jungat
886 1181 966 1212 coeli
993 1181 1124 1212 civibus.

266 1246 350 1273 Brev.
382 1253 434 1272 ms.
455 1245 641 1272 Dominican.
663 1247 732 1272 anni
755 1242 836 1271 1407.
877 1245 945 1273 Cod.
967 1246 1168 1279 Siuttgartien.
1192 1244 1205 1272 1
1227 1246 1246 1273 b
1269 1244 1306 1273 46
1324 1243 1384 1281 (40).
1404 1246 1438 1274 A.
1459 1260 1497 1264 —

193 1283 283 1310 Psalt.
314 1292 366 1310 ms.
392 1283 517 1310 Carmeli
542 1283 753 1310 Heilbrornen.
782 1290 857 1309 saec.
886 1282 927 1310 15.
974 1283 1043 1311 God.
1069 1283 1272 1318 Stuttgartien.
1299 1282 1313 1310 1
1340 1284 1357 1311 l)
1386 1282 1422 1311 95
1446 1281 1498 1319 (20)

195 1321 229 1348 B.
244 1336 280 1340 —
295 1321 402 1355 Hymn.
418 1329 470 1347 ms.
485 1320 696 1348 Neerlandicus
710 1328 784 1347 saec.
801 1319 846 1347 15.
861 1329 904 1347 ex.
935 1320 1003 1348 eod.
1019 1320 1224 1357 Cantabrigen.
1239 1322 1288 1349 Nn
1299 1322 1342 1349 IV
1359 1321 1402 1350 11.
1418 1321 1448 1349 G.
1462 1336 1500 1340 —

196 1357 226 1393 1,
252 1356 272 1385 4
290 1359 421 1394 Reginae
442 1358 517 1385 coeli
537 1359 683 1393 virginum
706 1359 739 1385 A.
759 1372 763 1376 ·
819 1355 851 1391 2,
880 1356 894 1385 1
914 1359 977 1386 Ave
997 1367 1097 1395 regum
1140 1358 1288 1386 ontificum
1309 1359 1342 1386 A.
1362 1374 1399 1378 —-
1421 1358 1453 1392 2,
1481 1357 1499 1387 3

192 1395 308 1460 &fmus
332 1396 391 1423 AC.
416 1410 452 1414 —
474 1393 502 1429 3:
533 1394 553 1422 4
571 1398 667 1431 Atque
692 1400 814 1423 matrem
829 1396 964 1430 justitiae
991 1396 1024 1423 A.
1052 1411 1090 1415 -——-
1114 1367 1148 1429 Ξ,
1177 1395 1197 1424 4
1219 1405 1290 1432 prae
1315 1400 1427 1425 cunetis
1451 1406 1498 1424 ru-

207 1434 260 1460 iat
306 1453 312 1459 .

648 1552 707 1584 193.
741 1554 784 1584 Dc
806 1554 915 1584 sancta
937 1554 1035 1584 Anna.

745 1619 792 1649 Ad
811 1619 940 1650 Laudes.

196 1689 226 1722 1.
254 1688 377 1720 Novum
404 1688 492 1720 sidus
516 1689 548 1720 in
575 1690 699 1729 superis
878 1691 909 1722 3.
935 1690 1079 1722 Alternis
1104 1699 1138 1721 se
1164 1692 1384 1732 conspectibus

252 1736 407 1768 Exortum
433 1734 535 1775 fulget
559 1737 665 1776 hodie.
936 1737 1108 1770 Cernentes
1133 1741 1236 1770 mater
1260 1738 1337 1778 filia,

250 1783 453 1815 Translatum
478 1783 553 1815 hinc
578 1785 618 1816 de
642 1783 782 1816 tenebris
933 1785 1041 1816 Versis
1067 1785 1108 1818 ad
1134 1787 1244 1819 Jesum
1269 1788 1409 1821 vultibus

249 1831 302 1862 Ad
329 1831 506 1864 claritatem
531 1832 664 1869 patriae.
931 1832 1068 1872 Stupent
1091 1833 1274 1868 ineffabilia.

191 1888 223 1919 2.
248 1888 301 1919 Ad
326 1888 457 1928 gloriam
485 1888 524 1919 de
548 1889 651 1928 gratia
871 1891 903 1923 4.
930 1890 1016 1928 Quae
1041 1890 1139 1922 tantis
1166 1890 1267 1931 fulges
1294 1893 1426 1932 meritis,

249 1935 411 1966 Transivit
438 1935 524 1966 dicta
548 1936 659 1975 gratia,
927 1937 990 1969 Per
1015 1940 1047 1969 te
1073 1938 1207 1969 donetur
1224 1940 1327 1979 gratia

251 1982 352 2013 Plena
375 1982 516 2022 gaudens
541 1983 664 2014 laetitia
930 1983 1031 2015 Nobis
1056 1985 1088 2016 in
1116 1993 1211 2016 cursu
1235 1987 1400 2028 temporis,

251 2028 369 2060 Dilecti
394 2028 452 2061 sub
477 2030 670 2068 praesentia.
930 2031 1038 2063 Finito
1066 2041 1159 2063 cursu
1184 2033 1296 2073 gloria.

599 2087 630 2118 5.
657 2085 743 2125 Jesu‚
769 2085 893 2116 Mariae
916 2085 993 2126 filio,

653 2132 749 2174 Laus,
775 2131 876 2163 honor
901 2134 943 2164 sit
968 2137 1000 2165 et
1024 2134 1135 2174 gloria,

654 2179 714 2217 Qui
738 2187 795 2211 nos
821 2179 860 2210 ab
886 2180 947 2212 hoc
973 2182 1083 2214 exsilio

656 2227 776 2259 Ductos
801 2227 885 2258 locet
908 2228 940 2259 in
965 2229 1084 2268 patria.

267 2291 372 2318 Diui-n.
400 2299 452 2318 ms.
474 2291 661 2318 Dominican.
683 2300 757 2319 saec.
781 2289 824 2319 14.
843 2294 884 2320 in.
924 2293 995 2321 Cod.
1016 2294 1173 2330 Araugien.
1193 2297 1225 2324 M
1246 2295 1263 2324 5
1287 2306 1313 2333 q.
1335 2299 1399 2326 add.
1420 2307 1497 2328 saec.

192 2327 236 2356 15.
267 2343 303 2347 —
326 2327 359 2362 2,
379 2327 398 2355 2
416 2329 570 2356 Transivit
588 2329 624 2356 de
644 2338 681 2356 ea
699 2331 802 2365 grafia.
822 2346 859 2350 -—
879 2328 911 2365 3,
945 2329 960 2358 1
982 2332 1110 2361 Alterius
1131 2342 1171 2361 se.
1193 2350 1232 2355 —
1253 2333 1283 2365 5,
1310 2334 1327 2363 1
1348 2345 1411 2374 sqq.
1433 2338 1497 2366 Deo

191 2368 267 2399 pati-i
294 2368 334 2393 sit
352 2367 448 2402 gloria
470 2369 522 2394 etc.
562 2368 620 2395 Die
642 2369 781 2404 spezielle
800 2368 965 2405 Doxologie
985 2378 1038 2398 aus
1057 2371 1222 2399 Milchsack
1242 2374 1270 2405 Ι,
1299 2372 1347 2409 25,
1375 2376 1425 2403 der
1446 2376 1498 2405 das

189 2405 262 2432 Lied
283 2414 336 2432 aus
356 2407 557 2441 ungenannter
582 2406 685 2439 Quelle
704 2407 833 2434 mitteilt.
