1653 2637
654 112 911 150 —204—

467 236 534 268 343.
563 236 599 268 111
619 234 834 268 Decollatione
855 242 878 265 s.
899 233 1050 267 Johannis
1069 233 1101 265 B.

625 313 674 342 Ad
693 313 933 350 Completorium-

126 392 159 425 i.
184 392 352 432 Baptistae
379 393 497 425 Christi
521 393 636 424 merita

183 440 363 481 Pangamus
387 440 485 472 laude
510 439 627 482 debita,

184 489 309 526 Agnum
334 488 465 527 placans
490 487 582 519 nobis
606 496 712 526 prece,

185 536 282 573 Quem
308 534 536 567 demonstravit
560 535 677 568 indice.

126 612 157 643 2.
184 610 292 642 Motus
317 619 380 642 non
405 611 573 643 arundinei

184 658 235 689 De
259 661 291 689 te
317 666 386 689 esse
411 657 498 690 fatur
521 656 620 698 plebi,

186 705 251 737 Sed
278 703 457 745 perfeetum
482 714 521 737 ae
544 705 701 748 stabilem,

185 752 364 785 Ducentem
390 753 489 785 vitam
515 752 677 785 caelibem.

128 830 159 862 3.
186 828 346 868 Spernens
370 829 481 861 mundi
507 829 638 861 delicias

184 877 227 909 Et
252 875 385 910 fallaces
412 876 550 916 divitias,

187 923 306 956 Vivens
330 924 399 955 sine
424 924 490 956 (loli
514 922 602 962 felle,

188 970 359 1003 Contentus
384 971 524 1011 locustis,
551 970 654 1004 melle.

125 1048 159 1079 4.
184 1047 248 1080 Hie
271 1049 403 1079 vocatur
427 1046 614 1078 Nazarenus

184 1094 229 1125 Et
255 1094 371 1126 Christi
396 1093 500 1134 gratia
522 1094 636 1134 plenus

186 1142 361 1181 Praeparat
386 1141 455 1173 Deo
480 1142 625 1173 semitam

186 1188 230 1220 Et
255 1189 355 1220 suasit
378 1188 615 1228 poenitentiam.

810 393 840 425 5.
867 392 932 424 Sed
956 400 1015 430 pro
1040 391 1109 423 zelo
1135 391 1279 423 veritatis

869 440 897 471 A
921 438 1080 470 ministris
1104 438 1256 471 falsitatis

868 486 1102 519 Condemnatur
1125 487 1159 518 in
1184 494 1322 527 carcere¹

868 535 966 574 Quem
991 534 1113 566 solatur
1135 542 1193 566 rex
1218 534 1346 574 gloriae.

833 636 840 642 .
866 611 964 649 Quem
988 618 1046 642 rex
1070 610 1217 642 Herodes
1242 610 1369 649 oecidi‘r,

865 657 960 690 Felix
983 658 1017 690 in
1042 660 1204 690 aeternum
1229 658 1318 700 vivit,

869 705 1034 738 occumbit
1057 705 1288 746 temporaliter,

867 752 957 785 Vivit
980 752 1225 794 perpetualiter.

834 854 842 860 .
866 828 946 867 Ejus
970 837 1027 860 nos
1053 828 1127 860 festi
1152 829 1269 868 gaudia

869 876 975 915 Digne
1000 876 1138 907 colamus
1163 885 1276 912 annua,

866 926 932 961 Quo
958 931 1200 961 praecursorem
1223 923 1389 962 proprium

866 970 921 1001 Ad
946 970 1031 1002 vitae
1055 970 1142 1001 vexit
1166 971 1324 1010 gaudium.

810 1048 844 1079 8.
870 1044 982 1078 Gloria
1004 1045 1075 1086 tibi,
1103 1045 1250 1088 Domine,

869 1093 928 1132 Qui
952 1092 1131 1125 sublimasti
1154 1092 1251 1125 hodie

869 1140 1045 1172 Johannem
1070 1140 1150 1172 coeli
1177 1140 1307 1178 civibus,

869 1187 937 1219 Nos
960 1187 1026 1219 illis
1048 1188 1156 1228 jimge,
1182 1197 1380 1228 quaesumus.

202 1273 322 1309 Antiph.
349 1282 402 1301 ms.
427 1274 544 1301 Veteris
571 1273 747 1300 Monasterii
773 1280 849 1300 saec.
872 1270 916 1300 15.
963 1273 1032 1300 (jod.
1056 1272 1221 1309 Maguntin.
1248 1270 1312 1300 1:38.
1337 1273 1375 1300 A.
1401 1288 1440 1292 ——

127 1312 234 1338 Dium.
264 1319 318 1338 ms.
347 1311 466 1338 Veteris
493 1311 668 1339 Monasterii
698 1318 773 1338 saec.
800 1309 845 1338 14.
892 1309 960 1338 eod.
985 1310 1151 1346 Magantin.
1180 1310 1213 1338 Π
1241 1308 1307 1338 342.
1338 1311 1372 1338 B.
1402 1325 1440 1329 —

126 1349 210 1376 Mcl.:
236 1350 353 1376 Aeterni
373 1350 466 1385 pah-is
485 1351 579 1377 unice.

468 1496 535 1527 349.
565 1496 600 1527 In
620 1496 834 1528 Decollatione
855 1506 879 1528 s.
900 1496 1052 1529 Jnhannis
1073 1498 1104 1528 B.

132 1586 163 1619 1.
190 1585 308 1617 Sancta
334 1582 437 1629 [haec]
463 1587 663 1626 congregatio

190 1633 344 1666 ,Iohannis
369 1633 466 1665 instat
491 1633 650 1674 laudibuS‚

192 1680 286 1720 Cujus
311 1689 395 1712 nunc
421 1681 588 1713 decollatio

189 1727 435 1761 Commendatur
458 1728 618 1761 fidelibus.

133 1806 165 1837 2.
187 1802 339 1836 Affioitur
362 1804 472 1836 inedia

191 1851 313 1891 Corpus
337 1861 472 1891 sacrum,
496 1862 560 1884 non
585 1853 711 1885 horruit

189 1900 302 1932 Carnis
326 1898 466 1931 afflictae
490 1900 607 1941 taedia,

187 1946 271 1978 Dum
299 1947 332 1979 in
359 1947 484 1979 deserto
508 1948 612 1983 latuit.

132 2025 164 2057 3.
189 2022 284 2054 Vitae
307 2032 438 2055 consors
463 2023 626 2063 angelicae

189 2069 297 2109 Melle,
323 2070 453 2102 locustis
478 2071 630 2112 pasoitur,

191 2116 323 2149 Sumens
348 2121 457 2158 potum
484 2118 523 2150 de
547 2118 643 2150 latice

189 2165 270 2197 Pilis
297 2165 406 2196 cameli
430 2166 557 2205 tegitur.

813 1589 845 1620 4.
871 1586 947 1618 Zelo
973 1587 1051 1627 legis
1079 1587 1153 1619 dum
1178 1587 1309 1619 sceleris

871 1634 1035 1667 Herodem
1058 1634 1128 1666 vult
1151 1642 1286 1675 arguere

869 1681 980 1713 Divini
1003 1690 1119 1721 praeco
1142 1680 1293 1721 foederis,

871 1729 1063 1761 Recluditur
1084 1730 1117 1761 in
1145 1738 1283 1762 carcere.

839 1832 845 1838 .
873 1806 935 1837 Hic
959 1814 1103 1846 pugnans
1128 1806 1189 1837 hoc
1211 1805 1246 1838 in
1270 1807 1374 1838 stadio

870 1853 1040 1893 Triumphi
1065 1862 1133 1885 cum
1155 1854 1300 1895 victoria,

871 1901 1009 1941 Maligni
1033 1909 1144 1933 caesus
1169 1901 1276 1940 gladio

874 1948 962 1981 Coeli
986 1949 1108 1988 potitur
1132 1948 1243 1990 gloria.

821 2024 847 2056 ⁴.
872 2024 969 2065 Laus,
993 2025 1094 2057 honor
1119 2028 1153 2056 et
1173 2024 1344 2066 imperium

871 2071 940 2103 Deo
964 2072 1006 2103 sit
1030 2072 1245 2112 aeternaliter,

871 2118 931 2158 Qui
954 2128 1027 2151 suos
1051 2129 1111 2159 per
1133 2121 1323 2161 martyrium

873 2167 1011 2199 Coronat
1036 2167 1266 2207 multiplieiter.

207 2250 292 2277 BreV.
317 2258 368 2277 ms.
395 2248 616 2277 Constantiense
641 2257 716 2276 saec.
739 2247 783 2276 15.
825 2249 892 2277 Ood.
912 2249 1072 2278 Eremiten.
1097 2248 1143 2278 80.
1170 2265 1202 2270 —
1235 2250 1264 2285 1,
1294 2251 1309 2279 1
1334 2252 1444 2282 Sancta

133 2289 335 2324 congregatim
359 2288 416 2315 lies
436 2286 579 2314 Sacrata}
603 2302 642 2307 ω-
661 2286 687 2321 1,
707 2286 727 2315 4
747 2296 765 2314 a
784 2288 928 2316 fidelibus.
949 2303 986 2308 —
1005 2288 1112 2316 Dieser
1129 2290 1267 2325 Hymnus
1288 2291 1369 2319 steht
1387 2301 1442 2320 aus

132 2327 206 2354 eben
231 2326 327 2354 dieser
351 2325 405 2353 Hs.
435 2325 483 2353 bei
507 2325 600 2353 More]
627 2325 677 2353 Nr.
699 2323 769 2359 226,
799 2327 869 2354 aber
894 2327 948 2354 mit
973 2335 1006 2354 so
1032 2328 1130 2355 vielen
1153 2328 1444 2366 stillschweigeuden

132 2364 333 2392 Korrekturen
352 2364 412 2391 und
429 2364 605 2399 lanimem,
629 2363 693 2391 dass
713 2364 762 2392 ich
781 2366 835 2392 ihn
854 2364 1038 2393 wiederhole.
1076 2367 1114 2394 In
1133 2366 1184 2395 der
1203 2367 1258 2395 Hs.
1279 2368 1373 2405 hang-t
1393 2370 1444 2397 der

133 2403 268 2439 foigende
286 2404 421 2438 Hymnus
443 2403 499 2429 mit
518 2401 627 2430 diesem
645 2410 822 2431 zusammen.
