1653 2637
682 141 939 177 -107—

154 237 187 269 3.
213 237 276 270 Per
300 239 333 269 te
357 239 514 269 memento
539 238 672 281 perisse,
841 239 873 270 4.
900 237 1042 277 Praesta,
1067 242 1163 277 pater
1186 238 1331 279 piissime

209 286 249 317 In
273 284 358 316 ulnis
384 284 503 316 Christi
528 285 660 327 redisse,
896 284 1049 324 Patrique
1074 293 1205 325 compar
1228 287 1331 325 unice,

209 331 329 370 Quibus
353 331 499 370 imponas
524 331 685 372 precibus,
895 332 973 363 Cum
998 331 1114 369 spiritu
1138 334 1307 372 paraclito,

207 378 273 410 Nos
298 381 330 409 te
355 377 517 417 supplices
542 378 689 416 petimus.
889 377 934 409 Et
958 386 1042 408 nunc
1065 381 1097 409 et
1120 379 1153 410 in
1178 382 1380 419 perpetuum.

221 443 305 471 Brev.
325 451 378 470 ms.
398 442 621 470 Benedictinum
642 450 719 471 saec.
744 441 787 470 15.
810 442 879 470 Cod.
901 442 1060 470 Eremiten.
1081 440 1127 471 84.

587 533 646 565 169.
677 535 721 566 De
741 535 853 567 sancta
873 534 1010 574 Agatha.

666 603 715 633 Ad
734 603 927 634 Nocturnum.

149 673 178 707 1.
205 675 284 714 Age,
310 674 427 714 lingua,
454 673 612 714 gloriosae
832 675 862 706 2.
891 672 1014 717 Gaude,
1043 674 1142 719 virgo,
1169 684 1239 707 cnm
1262 684 1408 707 connexu

252 721 382 761 Comple
407 720 491 753 festa
510 721 673 763 martyriS,
938 721 1044 753 Patris
1070 725 1166 764 atque
1189 722 1249 756 filii

206 771 314 810 Prosa,
341 771 436 801 cantu
461 769 589 809 copiose
889 770 1005 810 Sponsi
1030 770 1077 801 tui
1101 770 1135 803 in
1160 772 1310 812 amplexu

248 817 323 849 Fini
346 817 475 849 laudem
502 817 646 857 virginis,
939 818 1001 850 Pro
1025 818 1134 858 palma
1157 820 1316 861 martyrii,

201 865 301 904 Quam
326 865 473 905 implevit
497 865 637 905 gratiose
890 865 1016 905 Fragili
1042 869 1191 900 contenta
1215 877 1304 908 sexu,

249 913 378 945 Donum
401 913 504 945 sancti
526 911 675 945 flaminis.
940 913 1067 945 Sertum
1091 916 1175 954 geris
1201 916 1346 956 praemii.

545 970 576 1001 3.
603 968 699 1000 Alma
722 972 825 1001 mater
850 972 882 1000 et
905 972 1042 1008 patrona

651 1016 833 1049 Praesentis
857 1015 1008 1054 familiae,

603 1062 743 1103 Fulgens
768 1071 892 1102 quoque
918 1071 988 1094 cum
1014 1071 1131 1096 corona

652 1109 826 1149 Virginalis
852 1110 986 1150 gratiae,

604 1156 789 1197 Deprecare
812 1157 905 1189 nobis
933 1182 1119 1191 ,,,,,,

657 1230 1119 1239 ,,,,,,,,,,,,,,

218 1263 339 1300 Antiph.
354 1272 407 1290 ms.
415 1262 612 1291 Cisterciense
624 1268 699 1289 saec.
718 1259 761 1288 14.
778 1260 847 1288 Cod.
858 1260 1025 1288 Bruxellen.
1036 1257 1120 1286 6426.
1134 1274 1171 1278 —
1184 1260 1246 1287 Das
1254 1261 1373 1288 weitere
1379 1261 1462 1289 fehlt.

593 1354 655 1385 170.
686 1355 729 1386 De
750 1354 862 1385 sancta
880 1353 1011 1392 Agnete.

671 1423 707 1452 In
729 1423 754 1451 1.
772 1421 925 1470 Vesperis.

144 1496 174 1528 1.
200 1497 281 1537 Ave,
309 1495 458 1536 gloriosa,
831 1492 864 1524 4.
891 1490 1038 1523 Monstra
1062 1491 1096 1520 te
1121 1498 1191 1522 esse
1215 1499 1366 1530 sponsam

201 1546 310 1584 Agnes
334 1544 489 1583 virtuosa,
891 1539 976 1579 Agni
1001 1537 1227 1578 praeelectam,

198 1592 285 1632 Agni
310 1600 430 1632 sponsa
456 1590 561 1632 digna,
890 1587 1001 1619 Sumat
1025 1594 1085 1625 per
1110 1588 1142 1617 te
1167 1593 1304 1628 precem,

197 1639 289 1672 Mitis
316 1642 348 1671 et
373 1638 521 1679 benigna.
888 1634 996 1667 Donet
1020 1633 1111 1665 nobis
1137 1642 1258 1674 pacem.

139 1699 171 1731 2.
198 1697 333 1730 Sumens
359 1696 435 1737 agni
462 1695 555 1734 dona,
831 1694 861 1726 5.
890 1692 1000 1732 Virgo,
1027 1690 1115 1731 pugil
1140 1689 1244 1731 fortis,

197 1747 361 1786 Spernens
386 1743 499 1776 mundi
522 1742 617 1781 bona,
890 1739 941 1772 Sis
967 1739 999 1770 in
1023 1739 1104 1770 hora
1127 1738 1239 1770 mortis

198 1794 342 1827 Caritate
366 1792 463 1832 plena
889 1787 1011 1819 Nostra
1039 1784 1239 1819 defensatrix

196 1841 318 1874 Tendit
341 1840 384 1873 ad
409 1847 553 1871 amoena.
889 1835 996 1875 Atque
1020 1833 1238 1875 gubernatrix.

139 1901 170 1933 3.
198 1899 306 1939 Solve,
332 1898 422 1938 virgo
448 1898 549 1938 grata,
829 1894 861 1927 6.
887 1893 999 1926 Vitam
1023 1891 1115 1923 nobis
1141 1893 1285 1924 sanctam

196 1948 313 1982 Vincla
336 1947 542 1987 peccatorum
888 1942 1031 1981 Impetra
1055 1943 1228 1979 aeternam,

196 1996 355 2036 Sumeque
380 1995 516 2035 precata
887 1990 935 2023 Ut
957 1989 1112 2021 intremus
1139 1988 1269 2020 chorum

194 2044 269 2077 Tibi
295 2044 492 2076 devotorum.
887 2037 1006 2069 Tecum
1030 2037 1225 2077 angelorum.

536 2099 568 2131 7.
596 2096 646 2130 Sit
668 2098 739 2129 laus
764 2096 834 2129 Deo
858 2095 954 2139 patri,

597 2145 725 2178 Summo
751 2144 881 2179 Christo
906 2144 1014 2185 decus,

596 2194 732 2234 Spiritui
756 2195 868 2226 sancto

594 2242 708 2275 Honor
732 2242 836 2274 trinus
860 2248 952 2272 unus.

208 2305 303 2334 Psalt.
337 2311 391 2331 ms.
420 2302 450 2331 S.
477 2300 663 2329 Katharinae
689 2301 721 2327 in
745 2298 852 2326 Hoorn
878 2304 953 2324 saec.
982 2292 1026 2322 15.
1048 2302 1091 2322 ex.
1133 2294 1202 2322 Cod.
1223 2295 1339 2330 Hagen.
1361 2294 1387 2322 V
1410 2292 1454 2322 ’,1.

130 2344 166 2372 A.
192 2359 230 2364 -—
256 2344 368 2379 Hymn.
389 2350 443 2369 ms.
464 2338 678 2369 Neerlandieus
699 2345 775 2365 saec.
798 2333 843 2363 15.
864 2343 909 2362 ex.
955 2333 1024 2362 Cod.
1047 2333 1256 2370 cantabrigen.
1277 2333 1327 2361 Nn
1344 2333 1388 2361 IV
1411 2331 1444 2359 11

131 2383 164 2411 Β.
186 2397 224 2402 ——
251 2380 283 2416 2,
308 2380 329 2409 4
350 2381 421 2409 Lies
441 2378 573 2407 Tendis‘?
598 2390 636 2396 —-
662 2376 721 2405 Str.
748 2372 766 2403 3
793 2373 867 2401 fehlt
892 2372 953 2400 und
978 2373 1019 2399 ist
1038 2371 1131 2399 durch
1157 2372 1205 2399 die
1226 2370 1443 2408 entsprechenffl

131 2421 259 2457 Strophe
279 2420 330 2448 des
348 2420 412 2447 Ave
432 2418 523 2445 maris
545 2415 633 2443 stella
652 2416 760 2443 ersetzt
778 2412 813 2439 A.
834 2426 872 2431 --
892 2410 918 2446 7,
939 2409 958 2438 4
977 2411 1084 2438 Trinus
1101 2409 1196 2438 honor
1217 2412 1246 2437 et
1265 2418 1339 2437 unus
1361 2410 1394 2437 A.

129 2459 205 2487 Mel:
226 2459 290 2486 Ave
310 2458 400 2485 maris
421 2455 510 2484 stella
528 2454 595 2489 AB;
618 2452 657 2481 ad
676 2450 908 2487 Completorium
927 2449 960 2476 B.
