<?xml version="1.0" encoding="UTF-8"?>
<!DOCTYPE html PUBLIC "-//W3C//DTD XHTML 1.0 Transitional//EN"
    "http://www.w3.org/TR/xhtml1/DTD/xhtml1-transitional.dtd">
<html xmlns="http://www.w3.org/1999/xhtml" xml:lang="en" lang="en">
 <head>
  <title>
</title>
<meta http-equiv="Content-Type" content="text/html;charset=utf-8" />
  <meta name='ocr-system' content='tesseract 3.04.00' />
  <meta name='ocr-capabilities' content='ocr_page ocr_carea ocr_par ocr_line ocrx_word'/>
</head>
<body>
  <div class='ocr_page' id='page_1' title='image "./analectahymnica23drevuoft_00260.png"; bbox 0 0 1653 2637; ppageno 0'>
   <div class='ocr_carea' id='block_1_1' title="bbox 739 146 1000 182">
    <p class='ocr_par' dir='ltr' id='par_1_1' title="bbox 739 146 1000 182">
     <span class='ocr_line' id='line_1_1' title="bbox 739 146 1000 182; baseline -0.004 0"><span class='ocrx_word' id='word_1_1' title='bbox 739 146 1000 182; x_wconf 37' lang='lat' dir='ltr'>—257ss</span> 
     </span>
    </p>
   </div>
   <div class='ocr_carea' id='block_1_2' title="bbox 473 244 1202 420">
    <p class='ocr_par' dir='ltr' id='par_1_2' title="bbox 473 244 1202 381">
     <span class='ocr_line' id='line_1_2' title="bbox 473 244 1202 278; baseline 0 -2"><span class='ocrx_word' id='word_1_2' title='bbox 473 245 505 277; x_wconf 87' lang='lat'>3.</span> <span class='ocrx_word' id='word_1_3' title='bbox 530 244 688 277; x_wconf 82' lang='lat' dir='ltr'><strong>Praetulit</strong></span> <span class='ocrx_word' id='word_1_4' title='bbox 713 244 833 278; x_wconf 81' lang='lat' dir='ltr'>Christi</span> <span class='ocrx_word' id='word_1_5' title='bbox 857 247 963 277; x_wconf 89' lang='lat' dir='ltr'>tamen</span> <span class='ocrx_word' id='word_1_6' title='bbox 987 245 1037 277; x_wconf 88' lang='lat' dir='ltr'>his</span> <span class='ocrx_word' id='word_1_7' title='bbox 1064 253 1202 277; x_wconf 83' lang='lat' dir='ltr'>amorem</span> 
     </span>
     <span class='ocr_line' id='line_1_3' title="bbox 530 291 1186 333; baseline -0.002 -10"><span class='ocrx_word' id='word_1_8' title='bbox 530 291 643 324; x_wconf 89' lang='lat' dir='ltr'>Dulcis</span> <span class='ocrx_word' id='word_1_9' title='bbox 670 294 701 323; x_wconf 92' lang='lat' dir='ltr'>et</span> <span class='ocrx_word' id='word_1_10' title='bbox 724 292 870 332; x_wconf 89' lang='lat' dir='ltr'>linquens</span> <span class='ocrx_word' id='word_1_11' title='bbox 895 293 1020 333; x_wconf 80' lang='lat' dir='ltr'>patriae</span> <span class='ocrx_word' id='word_1_12' title='bbox 1042 295 1186 333; x_wconf 81' lang='lat' dir='ltr'>penates,</span> 
     </span>
     <span class='ocr_line' id='line_1_4' title="bbox 529 339 1070 381; baseline 0 -9"><span class='ocrx_word' id='word_1_13' title='bbox 529 339 576 372; x_wconf 90' lang='lat' dir='ltr'>Ut</span> <span class='ocrx_word' id='word_1_14' title='bbox 598 340 667 372; x_wconf 90' lang='lat' dir='ltr'>Deo</span> <span class='ocrx_word' id='word_1_15' title='bbox 692 340 752 371; x_wconf 89' lang='lat' dir='ltr'>soli</span> <span class='ocrx_word' id='word_1_16' title='bbox 781 343 881 381; x_wconf 88' lang='lat' dir='ltr'>vacet,</span> <span class='ocrx_word' id='word_1_17' title='bbox 906 341 940 372; x_wconf 89' lang='lat' dir='ltr'>in</span> <span class='ocrx_word' id='word_1_18' title='bbox 963 341 1070 372; x_wconf 84' lang='lat' dir='ltr'>silenti</span> 
     </span>
    </p>

    <p class='ocr_par' dir='ltr' id='par_1_3' title="bbox 580 387 865 420">
     <span class='ocr_line' id='line_1_5' title="bbox 580 387 865 420; baseline 0 0"><span class='ocrx_word' id='word_1_19' title='bbox 580 387 735 420; x_wconf 85' lang='lat' dir='ltr'>Conditus</span> <span class='ocrx_word' id='word_1_20' title='bbox 762 390 865 420; x_wconf 85' lang='lat' dir='ltr'>antro.</span> 
     </span>
    </p>
   </div>
   <div class='ocr_carea' id='block_1_3' title="bbox 471 442 1178 626">
    <p class='ocr_par' dir='ltr' id='par_1_4' title="bbox 471 442 1178 572">
     <span class='ocr_line' id='line_1_6' title="bbox 471 442 1178 483; baseline -0.001 -8"><span class='ocrx_word' id='word_1_21' title='bbox 471 443 502 475; x_wconf 85' lang='lat'>4.</span> <span class='ocrx_word' id='word_1_22' title='bbox 530 442 631 475; x_wconf 83' lang='lat' dir='ltr'>Fame</span> <span class='ocrx_word' id='word_1_23' title='bbox 657 443 810 475; x_wconf 86' lang='lat' dir='ltr'>nutricem</span> <span class='ocrx_word' id='word_1_24' title='bbox 839 444 992 475; x_wconf 89' lang='lat' dir='ltr'>scelerum</span> <span class='ocrx_word' id='word_1_25' title='bbox 1014 444 1178 483; x_wconf 84' lang='lat' dir='ltr'>juventam</span> 
     </span>
     <span class='ocr_line' id='line_1_7' title="bbox 528 490 1157 534; baseline 0.002 -12"><span class='ocrx_word' id='word_1_26' title='bbox 528 490 665 531; x_wconf 75' lang='lat' dir='ltr'>Frangit</span> <span class='ocrx_word' id='word_1_27' title='bbox 689 495 722 522; x_wconf 80' lang='lat' dir='ltr'>et</span> <span class='ocrx_word' id='word_1_28' title='bbox 747 500 861 531; x_wconf 87' lang='lat' dir='ltr'>corpus</span> <span class='ocrx_word' id='word_1_29' title='bbox 885 491 1015 530; x_wconf 78' lang='lat' dir='ltr'>subJ&#39;icit</span> <span class='ocrx_word' id='word_1_30' title='bbox 1038 492 1157 534; x_wconf 85' lang='lat' dir='ltr'>labore,</span> 
     </span>
     <span class='ocr_line' id='line_1_8' title="bbox 530 538 1129 572; baseline -0.002 -1"><span class='ocrx_word' id='word_1_31' title='bbox 530 539 577 572; x_wconf 87' lang='lat' dir='ltr'>Ut</span> <span class='ocrx_word' id='word_1_32' title='bbox 601 538 670 570; x_wconf 92' lang='lat' dir='ltr'>Deo</span> <span class='ocrx_word' id='word_1_33' title='bbox 697 541 812 570; x_wconf 85' lang='lat' dir='ltr'>castam</span> <span class='ocrx_word' id='word_1_34' title='bbox 840 539 909 570; x_wconf 89' lang='lat' dir='ltr'>sine</span> <span class='ocrx_word' id='word_1_35' title='bbox 934 539 1006 570; x_wconf 90' lang='lat' dir='ltr'>labe</span> <span class='ocrx_word' id='word_1_36' title='bbox 1032 539 1129 571; x_wconf 91' lang='lat' dir='ltr'>vitam</span> 
     </span>
    </p>

    <p class='ocr_par' dir='ltr' id='par_1_5' title="bbox 579 585 841 626">
     <span class='ocr_line' id='line_1_9' title="bbox 579 585 841 626; baseline 0.004 -9"><span class='ocrx_word' id='word_1_37' title='bbox 579 585 707 617; x_wconf 84' lang='lat' dir='ltr'>Ducere</span> <span class='ocrx_word' id='word_1_38' title='bbox 729 586 841 626; x_wconf 90' lang='lat' dir='ltr'>possit.</span> 
     </span>
    </p>
   </div>
   <div class='ocr_carea' id='block_1_4' title="bbox 471 643 1137 824">
    <p class='ocr_par' dir='ltr' id='par_1_6' title="bbox 471 643 1137 775">
     <span class='ocr_line' id='line_1_10' title="bbox 471 643 1110 683; baseline 0 -9"><span class='ocrx_word' id='word_1_39' title='bbox 471 643 501 674; x_wconf 83' lang='lat'>5.</span> <span class='ocrx_word' id='word_1_40' title='bbox 530 643 600 674; x_wconf 91' lang='lat' dir='ltr'>Hoc</span> <span class='ocrx_word' id='word_1_41' title='bbox 625 643 705 674; x_wconf 87' lang='lat' dir='ltr'>duce</span> <span class='ocrx_word' id='word_1_42' title='bbox 728 643 827 681; x_wconf 79' lang='lat' dir='ltr'>prisci</span> <span class='ocrx_word' id='word_1_43' title='bbox 852 643 976 682; x_wconf 88' lang='lat' dir='ltr'>petiere</span> <span class='ocrx_word' id='word_1_44' title='bbox 1000 646 1110 683; x_wconf 83' lang='lat' dir='ltr'>patres</span> 
     </span>
     <span class='ocr_line' id='line_1_11' title="bbox 529 689 1137 730; baseline 0 -9"><span class='ocrx_word' id='word_1_45' title='bbox 529 690 634 721; x_wconf 84' lang='lat' dir='ltr'>Antra</span> <span class='ocrx_word' id='word_1_46' title='bbox 661 689 779 721; x_wconf 79' lang='lat' dir='ltr'>deserti</span> <span class='ocrx_word' id='word_1_47' title='bbox 801 691 1035 730; x_wconf 80' lang='lat' dir='ltr'>Dominamque</span> <span class='ocrx_word' id='word_1_48' title='bbox 1055 699 1137 730; x_wconf 87' lang='lat' dir='ltr'>pura</span> 
     </span>
     <span class='ocr_line' id='line_1_12' title="bbox 530 736 1130 775; baseline 0.002 -7"><span class='ocrx_word' id='word_1_49' title='bbox 530 736 642 768; x_wconf 88' lang='lat' dir='ltr'>Mente</span> <span class='ocrx_word' id='word_1_50' title='bbox 663 740 850 775; x_wconf 82' lang='lat' dir='ltr'>quaerentes</span> <span class='ocrx_word' id='word_1_51' title='bbox 874 746 1020 769; x_wconf 85' lang='lat' dir='ltr'>meruere</span> <span class='ocrx_word' id='word_1_52' title='bbox 1044 738 1130 769; x_wconf 86' lang='lat' dir='ltr'>vitae</span> 
     </span>
    </p>

    <p class='ocr_par' dir='ltr' id='par_1_7' title="bbox 576 783 835 824">
     <span class='ocr_line' id='line_1_13' title="bbox 576 783 835 824; baseline 0.008 -8"><span class='ocrx_word' id='word_1_53' title='bbox 576 784 688 824; x_wconf 86' lang='lat' dir='ltr'>Regna</span> <span class='ocrx_word' id='word_1_54' title='bbox 713 783 835 818; x_wconf 87' lang='lat' dir='ltr'>beatae.</span> 
     </span>
    </p>
   </div>
   <div class='ocr_carea' id='block_1_5' title="bbox 471 840 1234 1016">
    <p class='ocr_par' dir='ltr' id='par_1_8' title="bbox 471 840 1234 975">
     <span class='ocr_line' id='line_1_14' title="bbox 471 840 1193 881; baseline -0.001 -9"><span class='ocrx_word' id='word_1_55' title='bbox 471 841 502 873; x_wconf 88' lang='lat'>6.</span> <span class='ocrx_word' id='word_1_56' title='bbox 530 841 639 881; x_wconf 88' lang='lat' dir='ltr'>Paule,</span> <span class='ocrx_word' id='word_1_57' title='bbox 664 840 712 871; x_wconf 89' lang='lat' dir='ltr'>sic</span> <span class='ocrx_word' id='word_1_58' title='bbox 736 843 876 872; x_wconf 82' lang='lat' dir='ltr'>nostram</span> <span class='ocrx_word' id='word_1_59' title='bbox 903 841 1040 880; x_wconf 87' lang='lat' dir='ltr'>petimus</span> <span class='ocrx_word' id='word_1_60' title='bbox 1062 842 1193 873; x_wconf 89' lang='lat' dir='ltr'>salutem</span> 
     </span>
     <span class='ocr_line' id='line_1_15' title="bbox 530 888 1130 931; baseline 0 -11"><span class='ocrx_word' id='word_1_61' title='bbox 530 888 639 931; x_wconf 86' lang='lat' dir='ltr'>Cures,</span> <span class='ocrx_word' id='word_1_62' title='bbox 666 890 701 918; x_wconf 88' lang='lat' dir='ltr'>ut</span> <span class='ocrx_word' id='word_1_63' title='bbox 728 888 808 919; x_wconf 87' lang='lat' dir='ltr'>coeli</span> <span class='ocrx_word' id='word_1_64' title='bbox 832 888 1000 920; x_wconf 81' lang='lat' dir='ltr'>subeamus</span> <span class='ocrx_word' id='word_1_65' title='bbox 1025 889 1130 920; x_wconf 75' lang='lat' dir='ltr'>arcem</span> 
     </span>
     <span class='ocr_line' id='line_1_16' title="bbox 526 936 1234 975; baseline -0.003 -8"><span class='ocrx_word' id='word_1_66' title='bbox 526 937 634 975; x_wconf 86' lang='lat' dir='ltr'>Atque</span> <span class='ocrx_word' id='word_1_67' title='bbox 659 943 728 966; x_wconf 89' lang='lat' dir='ltr'>cum</span> <span class='ocrx_word' id='word_1_68' title='bbox 755 936 874 967; x_wconf 88' lang='lat' dir='ltr'>sanctis</span> <span class='ocrx_word' id='word_1_69' title='bbox 898 945 1077 967; x_wconf 87' lang='lat' dir='ltr'>mereamur</span> <span class='ocrx_word' id='word_1_70' title='bbox 1101 936 1234 974; x_wconf 76' lang='lat' dir='ltr'>hymnos</span> 
     </span>
    </p>

    <p class='ocr_par' dir='ltr' id='par_1_9' title="bbox 575 982 862 1016">
     <span class='ocr_line' id='line_1_17' title="bbox 575 982 862 1016; baseline 0 -1"><span class='ocrx_word' id='word_1_71' title='bbox 575 982 692 1015; x_wconf 82' lang='lat' dir='ltr'>Dicere</span> <span class='ocrx_word' id='word_1_72' title='bbox 724 983 862 1016; x_wconf 83' lang='lat' dir='ltr'>Christo.</span> 
     </span>
    </p>
   </div>
   <div class='ocr_carea' id='block_1_6' title="bbox 469 1038 1160 1213">
    <p class='ocr_par' dir='ltr' id='par_1_10' title="bbox 469 1038 1160 1173">
     <span class='ocr_line' id='line_1_18' title="bbox 469 1038 1127 1078; baseline -0.003 -6"><span class='ocrx_word' id='word_1_73' title='bbox 469 1041 500 1072; x_wconf 85' lang='lat'>7.</span> <span class='ocrx_word' id='word_1_74' title='bbox 527 1038 576 1071; x_wconf 87' lang='lat' dir='ltr'>Sit</span> <span class='ocrx_word' id='word_1_75' title='bbox 600 1039 668 1071; x_wconf 91' lang='lat' dir='ltr'>Deo</span> <span class='ocrx_word' id='word_1_76' title='bbox 694 1039 779 1078; x_wconf 86' lang='lat' dir='ltr'>patri</span> <span class='ocrx_word' id='word_1_77' title='bbox 806 1039 901 1070; x_wconf 87' lang='lat' dir='ltr'>decus</span> <span class='ocrx_word' id='word_1_78' title='bbox 928 1042 960 1070; x_wconf 90' lang='lat' dir='ltr'>et</span> <span class='ocrx_word' id='word_1_79' title='bbox 984 1043 1127 1078; x_wconf 85' lang='lat' dir='ltr'>potestas</span> 
     </span>
     <span class='ocr_line' id='line_1_19' title="bbox 522 1086 1087 1128; baseline 0 -10"><span class='ocrx_word' id='word_1_80' title='bbox 522 1086 568 1118; x_wconf 87' lang='lat' dir='ltr'>Et</span> <span class='ocrx_word' id='word_1_81' title='bbox 591 1087 661 1124; x_wconf 76' lang='lat' dir='ltr'>tibi,</span> <span class='ocrx_word' id='word_1_82' title='bbox 690 1086 772 1126; x_wconf 88' lang='lat' dir='ltr'>lapsi</span> <span class='ocrx_word' id='word_1_83' title='bbox 798 1089 966 1125; x_wconf 74' lang='lat' dir='ltr'>reparator</span> <span class='ocrx_word' id='word_1_84' title='bbox 991 1086 1087 1128; x_wconf 86' lang='lat' dir='ltr'>orbis,</span> 
     </span>
     <span class='ocr_line' id='line_1_20' title="bbox 523 1133 1160 1173; baseline -0.002 -8"><span class='ocrx_word' id='word_1_85' title='bbox 523 1134 646 1173; x_wconf 74' lang='lat' dir='ltr'>Quique</span> <span class='ocrx_word' id='word_1_86' title='bbox 669 1133 821 1173; x_wconf 77' lang='lat' dir='ltr'>septenis,</span> <span class='ocrx_word' id='word_1_87' title='bbox 846 1134 1019 1173; x_wconf 74' lang='lat' dir='ltr'>paraclete,</span> <span class='ocrx_word' id='word_1_88' title='bbox 1041 1134 1160 1165; x_wconf 78' lang='lat' dir='ltr'>lustras</span> 
     </span>
    </p>

    <p class='ocr_par' dir='ltr' id='par_1_11' title="bbox 572 1181 835 1213">
     <span class='ocr_line' id='line_1_21' title="bbox 572 1181 835 1213; baseline -0.004 0"><span class='ocrx_word' id='word_1_89' title='bbox 572 1182 709 1213; x_wconf 81' lang='lat' dir='ltr'>Pectora</span> <span class='ocrx_word' id='word_1_90' title='bbox 735 1181 835 1213; x_wconf 86' lang='lat' dir='ltr'>donis.</span> 
     </span>
    </p>
   </div>
   <div class='ocr_carea' id='block_1_7' title="bbox 272 1241 1510 1282">
    <p class='ocr_par' dir='ltr' id='par_1_12' title="bbox 272 1241 1510 1282">
     <span class='ocr_line' id='line_1_22' title="bbox 272 1241 1510 1282; baseline -0.002 -9"><span class='ocrx_word' id='word_1_91' title='bbox 272 1246 357 1273; x_wconf 85' lang='lat' dir='ltr'>Brev.</span> <span class='ocrx_word' id='word_1_92' title='bbox 371 1246 564 1273; x_wconf 73' lang='lat' dir='ltr'>Paulinorum</span> <span class='ocrx_word' id='word_1_93' title='bbox 584 1247 654 1282; x_wconf 87' lang='lat' dir='ltr'>imp.</span> <span class='ocrx_word' id='word_1_94' title='bbox 671 1246 805 1273; x_wconf 84' lang='lat' dir='ltr'>Venetiis</span> <span class='ocrx_word' id='word_1_95' title='bbox 828 1243 910 1273; x_wconf 80' lang='lat'>1540.</span> <span class='ocrx_word' id='word_1_96' title='bbox 927 1261 966 1265; x_wconf 89' lang='lat'>—</span> <span class='ocrx_word' id='word_1_97' title='bbox 987 1243 1012 1279; x_wconf 90' lang='lat'>1,</span> <span class='ocrx_word' id='word_1_98' title='bbox 1034 1243 1051 1271; x_wconf 82' lang='lat'>2</span> <span class='ocrx_word' id='word_1_99' title='bbox 1066 1245 1217 1273; x_wconf 75' lang='lat' dir='ltr'>concinet.</span> <span class='ocrx_word' id='word_1_100' title='bbox 1239 1258 1274 1262; x_wconf 93' lang='lat'>-—-</span> <span class='ocrx_word' id='word_1_101' title='bbox 1295 1241 1322 1279; x_wconf 80' lang='lat'>3,</span> <span class='ocrx_word' id='word_1_102' title='bbox 1344 1242 1361 1270; x_wconf 84' lang='lat'>2</span> <span class='ocrx_word' id='word_1_103' title='bbox 1379 1245 1510 1280; x_wconf 82' lang='lat' dir='ltr'>penatas.</span> 
     </span>
    </p>
   </div>
   <div class='ocr_carea' id='block_1_8' title="bbox 585 1346 1132 1444">
    <p class='ocr_par' dir='ltr' id='par_1_13' title="bbox 585 1346 1132 1444">
     <span class='ocr_line' id='line_1_23' title="bbox 585 1346 1132 1379; baseline -0.002 -1"><span class='ocrx_word' id='word_1_104' title='bbox 585 1347 656 1379; x_wconf 84' lang='lat'>454.</span> <span class='ocrx_word' id='word_1_105' title='bbox 686 1347 722 1378; x_wconf 90' lang='lat' dir='ltr'>In</span> <span class='ocrx_word' id='word_1_106' title='bbox 743 1347 967 1379; x_wconf 83' lang='lat' dir='ltr'>Translatione</span> <span class='ocrx_word' id='word_1_107' title='bbox 987 1355 1010 1378; x_wconf 85' lang='lat' dir='ltr'>s.</span> <span class='ocrx_word' id='word_1_108' title='bbox 1032 1346 1132 1378; x_wconf 74' lang='lat' dir='ltr'>Pauli.</span> 
     </span>
     <span class='ocr_line' id='line_1_24' title="bbox 760 1401 1116 1444; baseline 0 0"><span class='ocrx_word' id='word_1_109' title='bbox 760 1412 812 1444; x_wconf 77' lang='lat' dir='ltr'>Ad</span> <span class='ocrx_word' id='word_1_110' title='bbox 831 1414 960 1444; x_wconf 74' lang='lat' dir='ltr'>Laudes.</span> <span class='ocrx_word' id='word_1_111' title='bbox 1113 1401 1116 1404; x_wconf 82' lang='grc'><strong>’</strong></span> 
     </span>
    </p>
   </div>
   <div class='ocr_carea' id='block_1_9' title="bbox 461 1484 1146 1662">
    <p class='ocr_par' dir='ltr' id='par_1_14' title="bbox 461 1484 1146 1612">
     <span class='ocr_line' id='line_1_25' title="bbox 461 1484 1146 1524; baseline -0.003 -6"><span class='ocrx_word' id='word_1_112' title='bbox 461 1485 491 1518; x_wconf 90' lang='grc'>1.</span> <span class='ocrx_word' id='word_1_113' title='bbox 520 1485 684 1517; x_wconf 87' lang='lat' dir='ltr'>Laudibus</span> <span class='ocrx_word' id='word_1_114' title='bbox 712 1484 838 1517; x_wconf 82' lang='lat' dir='ltr'>Christo</span> <span class='ocrx_word' id='word_1_115' title='bbox 861 1485 1001 1524; x_wconf 77' lang='lat' dir='ltr'>jubilent</span> <span class='ocrx_word' id='word_1_116' title='bbox 1024 1484 1146 1523; x_wconf 54' lang='lat' dir='ltr'>fideles</span> 
     </span>
     <span class='ocr_line' id='line_1_26' title="bbox 522 1532 1077 1572; baseline 0 -8"><span class='ocrx_word' id='word_1_117' title='bbox 522 1532 619 1572; x_wconf 81' lang='lat' dir='ltr'>Cujus</span> <span class='ocrx_word' id='word_1_118' title='bbox 642 1534 673 1565; x_wconf 90' lang='lat' dir='ltr'>in</span> <span class='ocrx_word' id='word_1_119' title='bbox 701 1533 797 1564; x_wconf 87' lang='lat' dir='ltr'>terris</span> <span class='ocrx_word' id='word_1_120' title='bbox 824 1533 950 1565; x_wconf 88' lang='lat' dir='ltr'>deditus</span> <span class='ocrx_word' id='word_1_121' title='bbox 976 1532 1077 1564; x_wconf 87' lang='lat' dir='ltr'>amori</span> 
     </span>
     <span class='ocr_line' id='line_1_27' title="bbox 520 1578 1141 1612; baseline 0 -1"><span class='ocrx_word' id='word_1_122' title='bbox 520 1578 640 1612; x_wconf 85' lang='lat' dir='ltr'>Paulus</span> <span class='ocrx_word' id='word_1_123' title='bbox 664 1584 827 1612; x_wconf 75' lang='lat' dir='ltr'>aeternam</span> <span class='ocrx_word' id='word_1_124' title='bbox 852 1580 970 1612; x_wconf 85' lang='lat' dir='ltr'>meruit,</span> <span class='ocrx_word' id='word_1_125' title='bbox 993 1587 1141 1612; x_wconf 82' lang='lat' dir='ltr'>coronam</span> 
     </span>
    </p>

    <p class='ocr_par' dir='ltr' id='par_1_15' title="bbox 569 1627 800 1662">
     <span class='ocr_line' id='line_1_28' title="bbox 569 1627 800 1662; baseline -0.004 0"><span class='ocrx_word' id='word_1_126' title='bbox 569 1627 699 1662; x_wconf 86' lang='lat' dir='ltr'>Caelibe</span> <span class='ocrx_word' id='word_1_127' title='bbox 724 1628 800 1661; x_wconf 86' lang='lat' dir='ltr'>vita.</span> 
     </span>
    </p>
   </div>
   <div class='ocr_carea' id='block_1_10' title="bbox 466 1683 1236 1861">
    <p class='ocr_par' dir='ltr' id='par_1_16' title="bbox 466 1683 1236 1821">
     <span class='ocr_line' id='line_1_29' title="bbox 466 1683 1137 1724; baseline -0.003 -7"><span class='ocrx_word' id='word_1_128' title='bbox 466 1687 497 1718; x_wconf 84' lang='lat'>2.</span> <span class='ocrx_word' id='word_1_129' title='bbox 525 1686 637 1717; x_wconf 83' lang='lat' dir='ltr'>Palma</span> <span class='ocrx_word' id='word_1_130' title='bbox 664 1684 841 1724; x_wconf 87' lang='lat' dir='ltr'>praebebat</span> <span class='ocrx_word' id='word_1_131' title='bbox 866 1683 952 1716; x_wconf 80' lang='lat' dir='ltr'>foliis</span> <span class='ocrx_word' id='word_1_132' title='bbox 977 1685 1137 1723; x_wconf 85' lang='lat' dir='ltr'>amictum,</span> 
     </span>
     <span class='ocr_line' id='line_1_30' title="bbox 524 1731 1142 1774; baseline -0.002 -10"><span class='ocrx_word' id='word_1_133' title='bbox 524 1731 699 1764; x_wconf 78' lang='lat' dir='ltr'>Fructibus</span> <span class='ocrx_word' id='word_1_134' title='bbox 724 1733 856 1774; x_wconf 87' lang='lat' dir='ltr'>victum,</span> <span class='ocrx_word' id='word_1_135' title='bbox 881 1732 1019 1764; x_wconf 88' lang='lat' dir='ltr'>sitientis</span> <span class='ocrx_word' id='word_1_136' title='bbox 1040 1731 1142 1764; x_wconf 84' lang='lat' dir='ltr'>amnis</span> 
     </span>
     <span class='ocr_line' id='line_1_31' title="bbox 521 1777 1236 1821; baseline -0.007 -9"><span class='ocrx_word' id='word_1_137' title='bbox 521 1780 642 1821; x_wconf 86' lang='lat' dir='ltr'>Irrigat</span> <span class='ocrx_word' id='word_1_138' title='bbox 666 1778 785 1821; x_wconf 84' lang='lat' dir='ltr'>fauces,</span> <span class='ocrx_word' id='word_1_139' title='bbox 812 1782 918 1811; x_wconf 86' lang='lat' dir='ltr'>tamen</span> <span class='ocrx_word' id='word_1_140' title='bbox 944 1788 1003 1812; x_wconf 89' lang='lat' dir='ltr'>nec</span> <span class='ocrx_word' id='word_1_141' title='bbox 1027 1787 1162 1819; x_wconf 82' lang='lat' dir='ltr'>unquam</span> <span class='ocrx_word' id='word_1_142' title='bbox 1186 1777 1236 1808; x_wconf 88' lang='lat' dir='ltr'>his</span> 
     </span>
    </p>

    <p class='ocr_par' dir='ltr' id='par_1_17' title="bbox 569 1828 801 1861">
     <span class='ocr_line' id='line_1_32' title="bbox 569 1828 801 1861; baseline -0.004 0"><span class='ocrx_word' id='word_1_143' title='bbox 569 1829 631 1861; x_wconf 88' lang='lat' dir='ltr'>Est</span> <span class='ocrx_word' id='word_1_144' title='bbox 655 1828 801 1860; x_wconf 78' lang='lat' dir='ltr'>satiatus,</span> 
     </span>
    </p>
   </div>
   <div class='ocr_carea' id='block_1_11' title="bbox 461 1885 1227 2063">
    <p class='ocr_par' dir='ltr' id='par_1_18' title="bbox 461 1885 1227 2022">
     <span class='ocr_line' id='line_1_33' title="bbox 461 1885 1154 1919; baseline -0.004 0"><span class='ocrx_word' id='word_1_145' title='bbox 461 1888 493 1919; x_wconf 85' lang='lat'>3.</span> <span class='ocrx_word' id='word_1_146' title='bbox 520 1886 631 1918; x_wconf 84' lang='lat' dir='ltr'>Mente</span> <span class='ocrx_word' id='word_1_147' title='bbox 655 1886 808 1917; x_wconf 88' lang='lat' dir='ltr'>coelestes</span> <span class='ocrx_word' id='word_1_148' title='bbox 834 1885 992 1917; x_wconf 88' lang='lat' dir='ltr'>meditans</span> <span class='ocrx_word' id='word_1_149' title='bbox 1019 1885 1154 1917; x_wconf 87' lang='lat' dir='ltr'>honores</span> 
     </span>
     <span class='ocr_line' id='line_1_34' title="bbox 520 1931 1227 1974; baseline -0.004 -8"><span class='ocrx_word' id='word_1_150' title='bbox 520 1933 731 1974; x_wconf 84' lang='lat' dir='ltr'>Splendidam</span> <span class='ocrx_word' id='word_1_151' title='bbox 757 1932 875 1965; x_wconf 80' lang='lat' dir='ltr'>Christi</span> <span class='ocrx_word' id='word_1_152' title='bbox 901 1931 1015 1964; x_wconf 89' lang='lat' dir='ltr'>faciem</span> <span class='ocrx_word' id='word_1_153' title='bbox 1041 1932 1227 1973; x_wconf 88' lang='lat' dir='ltr'>frequenter</span> 
     </span>
     <span class='ocr_line' id='line_1_35' title="bbox 517 1979 1156 2022; baseline -0.005 -8"><span class='ocrx_word' id='word_1_154' title='bbox 517 1982 671 2022; x_wconf 86' lang='lat' dir='ltr'>Adspicit</span> <span class='ocrx_word' id='word_1_155' title='bbox 695 1982 837 2021; x_wconf 85' lang='lat' dir='ltr'>gaudens</span> <span class='ocrx_word' id='word_1_156' title='bbox 864 1979 1043 2021; x_wconf 83' lang='lat' dir='ltr'>fruiturque</span> <span class='ocrx_word' id='word_1_157' title='bbox 1069 1979 1156 2012; x_wconf 86' lang='lat' dir='ltr'>dulci</span> 
     </span>
    </p>

    <p class='ocr_par' dir='ltr' id='par_1_19' title="bbox 568 2028 824 2063">
     <span class='ocr_line' id='line_1_36' title="bbox 568 2028 824 2063; baseline -0.008 0"><span class='ocrx_word' id='word_1_158' title='bbox 568 2030 708 2063; x_wconf 82' lang='lat' dir='ltr'>Nectare</span> <span class='ocrx_word' id='word_1_159' title='bbox 734 2028 824 2062; x_wconf 84' lang='lat' dir='ltr'>coeli.</span> 
     </span>
    </p>
   </div>
   <div class='ocr_carea' id='block_1_12' title="bbox 250 2086 1341 2521">
    <p class='ocr_par' dir='ltr' id='par_1_20' title="bbox 250 2086 1341 2521">
     <span class='ocr_line' id='line_1_37' title="bbox 459 2086 1133 2126; baseline -0.009 -4"><span class='ocrx_word' id='word_1_160' title='bbox 459 2089 493 2122; x_wconf 83' lang='lat'>4.</span> <span class='ocrx_word' id='word_1_161' title='bbox 520 2089 610 2121; x_wconf 91' lang='lat' dir='ltr'>Pane</span> <span class='ocrx_word' id='word_1_162' title='bbox 634 2086 791 2120; x_wconf 84' lang='lat' dir='ltr'>sexdenos</span> <span class='ocrx_word' id='word_1_163' title='bbox 818 2086 915 2118; x_wconf 86' lang='lat' dir='ltr'>alitur</span> <span class='ocrx_word' id='word_1_164' title='bbox 939 2094 998 2126; x_wconf 89' lang='lat' dir='ltr'>per</span> <span class='ocrx_word' id='word_1_165' title='bbox 1023 2093 1133 2124; x_wconf 88' lang='lat' dir='ltr'>annos,</span> 
     </span>
     <span class='ocr_line' id='line_1_38' title="bbox 521 2132 1125 2176; baseline -0.005 -9"><span class='ocrx_word' id='word_1_166' title='bbox 521 2136 619 2176; x_wconf 76' lang='lat' dir='ltr'>Quem</span> <span class='ocrx_word' id='word_1_167' title='bbox 644 2134 707 2169; x_wconf 88' lang='lat' dir='ltr'>Dei</span> <span class='ocrx_word' id='word_1_168' title='bbox 731 2136 811 2166; x_wconf 91' lang='lat' dir='ltr'>nutu</span> <span class='ocrx_word' id='word_1_169' title='bbox 834 2134 975 2166; x_wconf 88' lang='lat' dir='ltr'>medium</span> <span class='ocrx_word' id='word_1_170' title='bbox 1000 2132 1125 2165; x_wconf 87' lang='lat' dir='ltr'>ferebat</span> 
     </span>
     <span class='ocr_line' id='line_1_39' title="bbox 522 2181 1183 2225; baseline -0.009 -8"><span class='ocrx_word' id='word_1_171' title='bbox 522 2184 653 2225; x_wconf 79' lang='lat' dir='ltr'>Corvus,</span> <span class='ocrx_word' id='word_1_172' title='bbox 683 2184 721 2214; x_wconf 88' lang='lat' dir='ltr'>ut</span> <span class='ocrx_word' id='word_1_173' title='bbox 745 2181 862 2214; x_wconf 81' lang='lat' dir='ltr'>fessam</span> <span class='ocrx_word' id='word_1_174' title='bbox 885 2182 999 2214; x_wconf 88' lang='lat' dir='ltr'>melior</span> <span class='ocrx_word' id='word_1_175' title='bbox 1023 2182 1183 2213; x_wconf 83' lang='lat' dir='ltr'>senectam</span> 
     </span>
     <span class='ocr_line' id='line_1_40' title="bbox 568 2232 829 2265; baseline -0.008 0"><span class='ocrx_word' id='word_1_176' title='bbox 568 2232 721 2265; x_wconf 87' lang='lat' dir='ltr'>Pasceret</span> <span class='ocrx_word' id='word_1_177' title='bbox 746 2239 829 2264; x_wconf 89' lang='lat' dir='ltr'>esca.</span> 
     </span>
     <span class='ocr_line' id='line_1_41' title="bbox 460 2287 1093 2331; baseline -0.009 -7"><span class='ocrx_word' id='word_1_178' title='bbox 460 2292 492 2324; x_wconf 87' lang='lat'>5.</span> <span class='ocrx_word' id='word_1_179' title='bbox 522 2290 604 2323; x_wconf 87' lang='lat' dir='ltr'>Inde</span> <span class='ocrx_word' id='word_1_180' title='bbox 629 2291 705 2331; x_wconf 90' lang='lat' dir='ltr'>post</span> <span class='ocrx_word' id='word_1_181' title='bbox 728 2288 815 2320; x_wconf 85' lang='lat' dir='ltr'>vitae</span> <span class='ocrx_word' id='word_1_182' title='bbox 836 2287 941 2320; x_wconf 84' lang='lat' dir='ltr'>varios</span> <span class='ocrx_word' id='word_1_183' title='bbox 966 2287 1093 2319; x_wconf 85' lang='lat' dir='ltr'>labores</span> 
     </span>
     <span class='ocr_line' id='line_1_42' title="bbox 519 2333 1183 2370; baseline -0.008 0"><span class='ocrx_word' id='word_1_184' title='bbox 519 2339 609 2370; x_wconf 85' lang='lat' dir='ltr'>Inter</span> <span class='ocrx_word' id='word_1_185' title='bbox 640 2336 797 2370; x_wconf 81' lang='lat' dir='ltr'>orandum</span> <span class='ocrx_word' id='word_1_186' title='bbox 822 2334 1014 2367; x_wconf 85' lang='lat' dir='ltr'>moribunda</span> <span class='ocrx_word' id='word_1_187' title='bbox 1039 2333 1183 2367; x_wconf 86' lang='lat' dir='ltr'>membra</span> 
     </span>
     <span class='ocr_line' id='line_1_43' title="bbox 518 2382 1176 2426; baseline -0.008 -8"><span class='ocrx_word' id='word_1_188' title='bbox 518 2386 659 2426; x_wconf 86' lang='lat' dir='ltr'>Spiritus</span> <span class='ocrx_word' id='word_1_189' title='bbox 683 2384 831 2424; x_wconf 77' lang='lat' dir='ltr'>linquens</span> <span class='ocrx_word' id='word_1_190' title='bbox 857 2382 980 2414; x_wconf 87' lang='lat' dir='ltr'>meritis</span> <span class='ocrx_word' id='word_1_191' title='bbox 1007 2390 1176 2414; x_wconf 88' lang='lat' dir='ltr'>coruscans</span> 
     </span>
     <span class='ocr_line' id='line_1_44' title="bbox 564 2431 831 2472; baseline -0.004 -7"><span class='ocrx_word' id='word_1_192' title='bbox 564 2435 665 2466; x_wconf 83' lang='lat' dir='ltr'>Astra</span> <span class='ocrx_word' id='word_1_193' title='bbox 689 2431 831 2472; x_wconf 86' lang='lat' dir='ltr'>petebat.</span> 
     </span>
     <span class='ocr_line' id='line_1_45' title="bbox 250 2481 1341 2521; baseline -0.005 -5"><span class='ocrx_word' id='word_1_194' title='bbox 250 2493 372 2519; x_wconf 79' lang='lat' dir='ltr'>Dreves.</span> <span class='ocrx_word' id='word_1_195' title='bbox 391 2492 481 2521; x_wconf 76' lang='lat' dir='ltr'>Hymni</span> <span class='ocrx_word' id='word_1_196' title='bbox 493 2491 591 2514; x_wconf 82' lang='lat' dir='ltr'>Inediti.</span> <span class='ocrx_word' id='word_1_197' title='bbox 621 2491 652 2514; x_wconf 89' lang='lat'>11.</span> <span class='ocrx_word' id='word_1_198' title='bbox 1307 2481 1341 2514; x_wconf 78' lang='lat'>17</span> 
     </span>
    </p>
   </div>
  </div>
 </body>
</html>
