<?xml version="1.0" encoding="UTF-8"?>
<!DOCTYPE html PUBLIC "-//W3C//DTD XHTML 1.0 Transitional//EN"
    "http://www.w3.org/TR/xhtml1/DTD/xhtml1-transitional.dtd">
<html xmlns="http://www.w3.org/1999/xhtml" xml:lang="en" lang="en">
 <head>
  <title>
</title>
<meta http-equiv="Content-Type" content="text/html;charset=utf-8" />
  <meta name='ocr-system' content='tesseract 3.04.00' />
  <meta name='ocr-capabilities' content='ocr_page ocr_carea ocr_par ocr_line ocrx_word'/>
</head>
<body>
  <div class='ocr_page' id='page_1' title='image "./analectahymnica23drevuoft_00069.png"; bbox 0 0 1653 2637; ppageno 0'>
   <div class='ocr_carea' id='block_1_1' title="bbox 715 92 944 126">
    <p class='ocr_par' dir='ltr' id='par_1_1' title="bbox 715 92 944 126">
     <span class='ocr_line' id='line_1_1' title="bbox 715 92 944 126; baseline -0.022 -7"><span class='ocrx_word' id='word_1_1' title='bbox 715 92 944 126; x_wconf 50' lang='grc'>,66-</span> 
     </span>
    </p>
   </div>
   <div class='ocr_carea' id='block_1_2' title="bbox 606 181 1051 290">
    <p class='ocr_par' dir='ltr' id='par_1_2' title="bbox 606 181 1051 290">
     <span class='ocr_line' id='line_1_2' title="bbox 606 181 1051 219; baseline -0.011 -2"><span class='ocrx_word' id='word_1_2' title='bbox 606 185 670 219; x_wconf 87' lang='grc'>100.</span> <span class='ocrx_word' id='word_1_3' title='bbox 697 186 733 217; x_wconf 88' lang='lat' dir='ltr'>In</span> <span class='ocrx_word' id='word_1_4' title='bbox 754 184 945 217; x_wconf 84' lang='lat' dir='ltr'>Visitatione</span> <span class='ocrx_word' id='word_1_5' title='bbox 965 181 1051 214; x_wconf 70' lang='lat' dir='ltr'>BHV.</span> 
     </span>
     <span class='ocr_line' id='line_1_3' title="bbox 718 252 944 290; baseline -0.013 -7"><span class='ocrx_word' id='word_1_6' title='bbox 718 253 768 283; x_wconf 87' lang='lat' dir='ltr'>Ad</span> <span class='ocrx_word' id='word_1_7' title='bbox 787 252 944 290; x_wconf 84' lang='lat' dir='ltr'>Vesperas.</span> 
     </span>
    </p>
   </div>
   <div class='ocr_carea' id='block_1_3' title="bbox 181 324 703 410">
    <p class='ocr_par' dir='ltr' id='par_1_3' title="bbox 181 324 703 410">
     <span class='ocr_line' id='line_1_4' title="bbox 181 324 703 359; baseline -0.008 0"><span class='ocrx_word' id='word_1_8' title='bbox 181 326 213 359; x_wconf 87' lang='lat'>1.</span> <span class='ocrx_word' id='word_1_9' title='bbox 236 326 485 359; x_wconf 86' lang='lat' dir='ltr'>Praecedentem</span> <span class='ocrx_word' id='word_1_10' title='bbox 511 333 568 356; x_wconf 91' lang='lat' dir='ltr'>nos</span> <span class='ocrx_word' id='word_1_11' title='bbox 593 324 625 355; x_wconf 92' lang='lat' dir='ltr'>in</span> <span class='ocrx_word' id='word_1_12' title='bbox 651 324 703 355; x_wconf 90' lang='lat' dir='ltr'>via</span> 
     </span>
     <span class='ocr_line' id='line_1_5' title="bbox 243 371 699 410; baseline -0.009 -4"><span class='ocrx_word' id='word_1_13' title='bbox 243 373 360 407; x_wconf 80' lang='lat' dir='ltr'>Christi</span> <span class='ocrx_word' id='word_1_14' title='bbox 383 375 516 405; x_wconf 86' lang='lat' dir='ltr'>matrem</span> <span class='ocrx_word' id='word_1_15' title='bbox 540 371 699 410; x_wconf 79' lang='lat' dir='ltr'>adeamus,</span> 
     </span>
    </p>
   </div>
   <div class='ocr_carea' id='block_1_4' title="bbox 241 320 1462 501">
    <p class='ocr_par' dir='ltr' id='par_1_4' title="bbox 861 320 1462 407">
     <span class='ocr_line' id='line_1_6' title="bbox 861 320 1462 361; baseline -0.005 -6"><span class='ocrx_word' id='word_1_16' title='bbox 861 323 892 355; x_wconf 87' lang='lat'>5.</span> <span class='ocrx_word' id='word_1_17' title='bbox 918 321 966 352; x_wconf 91' lang='lat' dir='ltr'>Tu</span> <span class='ocrx_word' id='word_1_18' title='bbox 991 320 1176 360; x_wconf 80' lang='lat' dir='ltr'>praecedas,</span> <span class='ocrx_word' id='word_1_19' title='bbox 1201 329 1259 352; x_wconf 91' lang='lat' dir='ltr'>nos</span> <span class='ocrx_word' id='word_1_20' title='bbox 1284 329 1462 361; x_wconf 84' lang='lat' dir='ltr'>sequamur,</span> 
     </span>
     <span class='ocr_line' id='line_1_7' title="bbox 920 367 1293 407; baseline 0 -8"><span class='ocrx_word' id='word_1_21' title='bbox 920 367 1062 400; x_wconf 78' lang='lat' dir='ltr'>Visitare</span> <span class='ocrx_word' id='word_1_22' title='bbox 1084 368 1293 407; x_wconf 79' lang='lat' dir='ltr'>serviti-icem,</span> 
     </span>
    </p>

    <p class='ocr_par' dir='ltr' id='par_1_5' title="bbox 245 419 707 460">
     <span class='ocr_line' id='line_1_8' title="bbox 245 419 707 460; baseline -0.011 -6"><span class='ocrx_word' id='word_1_23' title='bbox 245 421 290 454; x_wconf 88' lang='lat' dir='ltr'>Et</span> <span class='ocrx_word' id='word_1_24' title='bbox 313 423 350 453; x_wconf 85' lang='lat' dir='ltr'>ut</span> <span class='ocrx_word' id='word_1_25' title='bbox 373 420 464 454; x_wconf 88' lang='lat' dir='ltr'>nobis</span> <span class='ocrx_word' id='word_1_26' title='bbox 492 419 555 452; x_wconf 82' lang='lat' dir='ltr'>dux</span> <span class='ocrx_word' id='word_1_27' title='bbox 579 419 622 450; x_wconf 89' lang='lat' dir='ltr'>sit</span> <span class='ocrx_word' id='word_1_28' title='bbox 644 419 707 460; x_wconf 83' lang='lat' dir='ltr'>pia,</span> 
     </span>
    </p>

    <p class='ocr_par' dir='ltr' id='par_1_6' title="bbox 241 467 688 501">
     <span class='ocr_line' id='line_1_9' title="bbox 241 467 688 501; baseline -0.004 0"><span class='ocrx_word' id='word_1_29' title='bbox 241 469 336 501; x_wconf 88' lang='lat' dir='ltr'>Dulci</span> <span class='ocrx_word' id='word_1_30' title='bbox 360 467 455 499; x_wconf 87' lang='lat' dir='ltr'>laude</span> <span class='ocrx_word' id='word_1_31' title='bbox 481 467 688 499; x_wconf 79' lang='lat' dir='ltr'>concinamus,</span> 
     </span>
    </p>
   </div>
   <div class='ocr_carea' id='block_1_5' title="bbox 182 521 748 657">
    <p class='ocr_par' dir='ltr' id='par_1_7' title="bbox 182 521 748 657">
     <span class='ocr_line' id='line_1_10' title="bbox 182 521 686 562; baseline -0.012 -3"><span class='ocrx_word' id='word_1_32' title='bbox 182 528 215 559; x_wconf 85' lang='lat'>2.</span> <span class='ocrx_word' id='word_1_33' title='bbox 240 526 351 558; x_wconf 82' lang='lat' dir='ltr'>Pande</span> <span class='ocrx_word' id='word_1_34' title='bbox 373 525 467 562; x_wconf 80' lang='lat' dir='ltr'>viam,</span> <span class='ocrx_word' id='word_1_35' title='bbox 494 532 574 562; x_wconf 84' lang='lat' dir='ltr'>quae</span> <span class='ocrx_word' id='word_1_36' title='bbox 597 521 686 554; x_wconf 82' lang='lat' dir='ltr'>fuisti</span> 
     </span>
     <span class='ocr_line' id='line_1_11' title="bbox 242 570 619 612; baseline -0.011 -7"><span class='ocrx_word' id='word_1_37' title='bbox 242 573 407 612; x_wconf 82' lang='lat' dir='ltr'>Reparare</span> <span class='ocrx_word' id='word_1_38' title='bbox 431 571 499 602; x_wconf 89' lang='lat' dir='ltr'>sola</span> <span class='ocrx_word' id='word_1_39' title='bbox 525 570 619 610; x_wconf 84' lang='lat' dir='ltr'>digna</span> 
     </span>
     <span class='ocr_line' id='line_1_12' title="bbox 243 615 748 657; baseline -0.01 -5"><span class='ocrx_word' id='word_1_40' title='bbox 243 619 399 652; x_wconf 87' lang='lat' dir='ltr'>Mundum</span> <span class='ocrx_word' id='word_1_41' title='bbox 423 618 545 657; x_wconf 89' lang='lat' dir='ltr'>lapsum</span> <span class='ocrx_word' id='word_1_42' title='bbox 572 619 602 649; x_wconf 94' lang='lat' dir='ltr'>et</span> <span class='ocrx_word' id='word_1_43' title='bbox 630 615 748 649; x_wconf 80' lang='lat' dir='ltr'>dedisti</span> 
     </span>
    </p>
   </div>
   <div class='ocr_carea' id='block_1_6' title="bbox 921 413 1411 503">
    <p class='ocr_par' dir='ltr' id='par_1_8' title="bbox 921 413 1411 503">
     <span class='ocr_line' id='line_1_13' title="bbox 922 413 1411 456; baseline -0.004 -9"><span class='ocrx_word' id='word_1_44' title='bbox 922 416 999 449; x_wconf 90' lang='lat' dir='ltr'>Cum</span> <span class='ocrx_word' id='word_1_45' title='bbox 1025 425 1086 456; x_wconf 88' lang='lat' dir='ltr'>qua</span> <span class='ocrx_word' id='word_1_46' title='bbox 1110 413 1219 450; x_wconf 87' lang='lat' dir='ltr'>Jesum</span> <span class='ocrx_word' id='word_1_47' title='bbox 1245 414 1411 455; x_wconf 83' lang='lat' dir='ltr'><strong>fateamur,</strong></span> 
     </span>
     <span class='ocr_line' id='line_1_14' title="bbox 921 463 1393 503; baseline 0 -9"><span class='ocrx_word' id='word_1_48' title='bbox 921 463 1007 502; x_wconf 81' lang='lat' dir='ltr'>Quae</span> <span class='ocrx_word' id='word_1_49' title='bbox 1030 466 1063 494; x_wconf 84' lang='lat' dir='ltr'>te</span> <span class='ocrx_word' id='word_1_50' title='bbox 1086 463 1175 495; x_wconf 88' lang='lat' dir='ltr'>novit</span> <span class='ocrx_word' id='word_1_51' title='bbox 1199 463 1393 503; x_wconf 75' lang='lat' dir='ltr'>genitricem.</span> 
     </span>
    </p>
   </div>
   <div class='ocr_carea' id='block_1_7' title="bbox 242 518 1401 708">
    <p class='ocr_par' dir='ltr' id='par_1_9' title="bbox 860 518 1388 654">
     <span class='ocr_line' id='line_1_15' title="bbox 860 518 1388 558; baseline -0.006 -5"><span class='ocrx_word' id='word_1_52' title='bbox 860 522 892 553; x_wconf 82' lang='lat'>6.</span> <span class='ocrx_word' id='word_1_53' title='bbox 918 520 1057 552; x_wconf 83' lang='lat' dir='ltr'>Matrem</span> <span class='ocrx_word' id='word_1_54' title='bbox 1082 528 1192 551; x_wconf 82' lang='lat' dir='ltr'>veram</span> <span class='ocrx_word' id='word_1_55' title='bbox 1212 519 1315 558; x_wconf 84' lang='lat' dir='ltr'>patris</span> <span class='ocrx_word' id='word_1_56' title='bbox 1339 518 1388 550; x_wconf 83' lang='lat' dir='ltr'>tui</span> 
     </span>
     <span class='ocr_line' id='line_1_16' title="bbox 920 565 1373 607; baseline -0.004 -8"><span class='ocrx_word' id='word_1_57' title='bbox 920 568 968 599; x_wconf 92' lang='lat' dir='ltr'>Te</span> <span class='ocrx_word' id='word_1_58' title='bbox 991 567 1170 607; x_wconf 75' lang='lat' dir='ltr'>proclamat</span> <span class='ocrx_word' id='word_1_59' title='bbox 1192 565 1373 605; x_wconf 83' lang='lat' dir='ltr'>infecunda,</span> 
     </span>
     <span class='ocr_line' id='line_1_17' title="bbox 923 613 1379 654; baseline -0.007 -7"><span class='ocrx_word' id='word_1_60' title='bbox 923 616 1026 648; x_wconf 88' lang='lat' dir='ltr'>Laeta</span> <span class='ocrx_word' id='word_1_61' title='bbox 1053 615 1161 654; x_wconf 88' lang='lat' dir='ltr'>proles</span> <span class='ocrx_word' id='word_1_62' title='bbox 1186 615 1305 646; x_wconf 89' lang='lat' dir='ltr'>ventris</span> <span class='ocrx_word' id='word_1_63' title='bbox 1330 613 1379 645; x_wconf 85' lang='lat' dir='ltr'>sui</span> 
     </span>
    </p>

    <p class='ocr_par' dir='ltr' id='par_1_10' title="bbox 242 660 1401 708">
     <span class='ocr_line' id='line_1_18' title="bbox 242 660 1401 708; baseline -0.005 -9"><span class='ocrx_word' id='word_1_64' title='bbox 242 667 357 706; x_wconf 85' lang='lat' dir='ltr'>Lapsis</span> <span class='ocrx_word' id='word_1_65' title='bbox 381 666 489 708; x_wconf 83' lang='lat' dir='ltr'>vitam,</span> <span class='ocrx_word' id='word_1_66' title='bbox 516 667 549 696; x_wconf 87' lang='lat' dir='ltr'>tu</span> <span class='ocrx_word' id='word_1_67' title='bbox 573 663 717 705; x_wconf 81' lang='lat' dir='ltr'>benigna.</span> <span class='ocrx_word' id='word_1_68' title='bbox 921 663 1004 695; x_wconf 86' lang='lat' dir='ltr'>Alvo</span> <span class='ocrx_word' id='word_1_69' title='bbox 1030 662 1149 703; x_wconf 84' lang='lat' dir='ltr'>gaudet</span> <span class='ocrx_word' id='word_1_70' title='bbox 1172 660 1401 702; x_wconf 83' lang='lat' dir='ltr'>praejucunda.</span> 
     </span>
    </p>
   </div>
   <div class='ocr_carea' id='block_1_8' title="bbox 186 717 1473 857">
    <p class='ocr_par' dir='ltr' id='par_1_11' title="bbox 186 717 1473 857">
     <span class='ocr_line' id='line_1_19' title="bbox 186 717 1453 761; baseline -0.005 -6"><span class='ocrx_word' id='word_1_71' title='bbox 186 725 217 757; x_wconf 85' lang='lat'>3.</span> <span class='ocrx_word' id='word_1_72' title='bbox 243 724 352 756; x_wconf 80' lang='lat' dir='ltr'>Jesum</span> <span class='ocrx_word' id='word_1_73' title='bbox 378 722 536 755; x_wconf 78' lang='lat' dir='ltr'>Christum</span> <span class='ocrx_word' id='word_1_74' title='bbox 562 722 771 754; x_wconf 86' lang='lat' dir='ltr'>condonatum</span> <span class='ocrx_word' id='word_1_75' title='bbox 865 722 895 755; x_wconf 84' lang='lat'>7.</span> <span class='ocrx_word' id='word_1_76' title='bbox 922 720 968 752; x_wconf 90' lang='lat' dir='ltr'>Te</span> <span class='ocrx_word' id='word_1_77' title='bbox 991 728 1169 761; x_wconf 81' lang='lat' dir='ltr'>precamur,</span> <span class='ocrx_word' id='word_1_78' title='bbox 1197 727 1277 759; x_wconf 90' lang='lat' dir='ltr'>quae</span> <span class='ocrx_word' id='word_1_79' title='bbox 1302 717 1453 750; x_wconf 88' lang='lat' dir='ltr'>conducis</span> 
     </span>
     <span class='ocr_line' id='line_1_20' title="bbox 250 767 1473 807; baseline -0.004 -5"><span class='ocrx_word' id='word_1_80' title='bbox 250 772 314 804; x_wconf 90' lang='lat' dir='ltr'>Per</span> <span class='ocrx_word' id='word_1_81' title='bbox 338 774 371 802; x_wconf 84' lang='lat' dir='ltr'>te</span> <span class='ocrx_word' id='word_1_82' title='bbox 394 769 486 802; x_wconf 87' lang='lat' dir='ltr'>nobis</span> <span class='ocrx_word' id='word_1_83' title='bbox 510 771 546 800; x_wconf 85' lang='lat' dir='ltr'>ut</span> <span class='ocrx_word' id='word_1_84' title='bbox 569 768 713 807; x_wconf 85' lang='lat' dir='ltr'>sciamus,</span> <span class='ocrx_word' id='word_1_85' title='bbox 923 767 1042 807; x_wconf 75' lang='lat' dir='ltr'>Jesum,</span> <span class='ocrx_word' id='word_1_86' title='bbox 1068 770 1223 806; x_wconf 81' lang='lat' dir='ltr'>praestes,</span> <span class='ocrx_word' id='word_1_87' title='bbox 1248 769 1285 797; x_wconf 83' lang='lat' dir='ltr'>ut</span> <span class='ocrx_word' id='word_1_88' title='bbox 1310 774 1473 798; x_wconf 84' lang='lat' dir='ltr'>cernamus</span> 
     </span>
     <span class='ocr_line' id='line_1_21' title="bbox 243 813 1414 857; baseline -0.005 -7"><span class='ocrx_word' id='word_1_89' title='bbox 243 818 289 850; x_wconf 87' lang='lat' dir='ltr'>Et</span> <span class='ocrx_word' id='word_1_90' title='bbox 314 818 388 850; x_wconf 88' lang='lat' dir='ltr'>dum</span> <span class='ocrx_word' id='word_1_91' title='bbox 411 817 526 848; x_wconf 88' lang='lat' dir='ltr'>scimus</span> <span class='ocrx_word' id='word_1_92' title='bbox 550 815 641 848; x_wconf 88' lang='lat' dir='ltr'>nobis</span> <span class='ocrx_word' id='word_1_93' title='bbox 666 815 782 857; x_wconf 86' lang='lat' dir='ltr'>datum,</span> <span class='ocrx_word' id='word_1_94' title='bbox 923 814 1045 846; x_wconf 86' lang='lat' dir='ltr'>Lumen</span> <span class='ocrx_word' id='word_1_95' title='bbox 1071 823 1179 846; x_wconf 87' lang='lat' dir='ltr'>verum</span> <span class='ocrx_word' id='word_1_96' title='bbox 1203 821 1299 845; x_wconf 84' lang='lat' dir='ltr'>verae</span> <span class='ocrx_word' id='word_1_97' title='bbox 1323 813 1414 854; x_wconf 87' lang='lat' dir='ltr'>lucis,</span> 
     </span>
    </p>
   </div>
   <div class='ocr_carea' id='block_1_9' title="bbox 245 861 1439 904">
    <p class='ocr_par' dir='ltr' id='par_1_12' title="bbox 245 861 1439 904">
     <span class='ocr_line' id='line_1_22' title="bbox 245 861 1439 904; baseline -0.003 -8"><span class='ocrx_word' id='word_1_98' title='bbox 245 864 347 897; x_wconf 84' lang='lat' dir='ltr'>Nobis</span> <span class='ocrx_word' id='word_1_99' title='bbox 372 865 456 904; x_wconf 90' lang='lat' dir='ltr'>pium</span> <span class='ocrx_word' id='word_1_100' title='bbox 482 863 654 896; x_wconf 82' lang='lat' dir='ltr'>videamus,</span> <span class='ocrx_word' id='word_1_101' title='bbox 924 863 1043 894; x_wconf 83' lang='lat' dir='ltr'>Tecum</span> <span class='ocrx_word' id='word_1_102' title='bbox 1069 870 1195 900; x_wconf 90' lang='lat' dir='ltr'>semper</span> <span class='ocrx_word' id='word_1_103' title='bbox 1217 861 1439 900; x_wconf 85' lang='lat' dir='ltr'>procedamus.</span> 
     </span>
    </p>
   </div>
   <div class='ocr_carea' id='block_1_10' title="bbox 189 918 1455 1102">
    <p class='ocr_par' dir='ltr' id='par_1_13' title="bbox 189 918 1455 1056">
     <span class='ocr_line' id='line_1_23' title="bbox 189 918 1369 958; baseline -0.006 -2"><span class='ocrx_word' id='word_1_104' title='bbox 189 924 222 956; x_wconf 94' lang='lat'>4.</span> <span class='ocrx_word' id='word_1_105' title='bbox 248 922 379 955; x_wconf 83' lang='lat' dir='ltr'>Stellam</span> <span class='ocrx_word' id='word_1_106' title='bbox 403 921 500 953; x_wconf 84' lang='lat' dir='ltr'>maris</span> <span class='ocrx_word' id='word_1_107' title='bbox 522 923 555 951; x_wconf 87' lang='lat' dir='ltr'>te</span> <span class='ocrx_word' id='word_1_108' title='bbox 577 920 714 952; x_wconf 77' lang='lat' dir='ltr'>Mariam</span> <span class='ocrx_word' id='word_1_109' title='bbox 867 922 899 954; x_wconf 83' lang='lat'>8.</span> <span class='ocrx_word' id='word_1_110' title='bbox 925 919 1016 951; x_wconf 83' lang='lat' dir='ltr'>Patri</span> <span class='ocrx_word' id='word_1_111' title='bbox 1042 919 1137 951; x_wconf 84' lang='lat' dir='ltr'>decus</span> <span class='ocrx_word' id='word_1_112' title='bbox 1161 918 1205 949; x_wconf 87' lang='lat' dir='ltr'>sit</span> <span class='ocrx_word' id='word_1_113' title='bbox 1228 921 1369 958; x_wconf 79' lang='lat' dir='ltr'>aeterno,</span> 
     </span>
     <span class='ocr_line' id='line_1_24' title="bbox 250 966 1455 1010; baseline -0.003 -9"><span class='ocrx_word' id='word_1_114' title='bbox 250 969 355 1002; x_wconf 87' lang='lat' dir='ltr'>Solam</span> <span class='ocrx_word' id='word_1_115' title='bbox 379 968 521 1000; x_wconf 90' lang='lat' dir='ltr'>novimus</span> <span class='ocrx_word' id='word_1_116' title='bbox 548 968 729 1010; x_wconf 82' lang='lat' dir='ltr'>ductricem,</span> <span class='ocrx_word' id='word_1_117' title='bbox 926 967 1038 998; x_wconf 85' lang='lat' dir='ltr'>Honor</span> <span class='ocrx_word' id='word_1_118' title='bbox 1061 968 1146 1004; x_wconf 84' lang='lat' dir='ltr'>nato,</span> <span class='ocrx_word' id='word_1_119' title='bbox 1174 973 1265 1005; x_wconf 88' lang='lat' dir='ltr'>quem</span> <span class='ocrx_word' id='word_1_120' title='bbox 1284 966 1455 1006; x_wconf 79' lang='lat' dir='ltr'>sumpsisti,</span> 
     </span>
     <span class='ocr_line' id='line_1_25' title="bbox 250 1013 1359 1056; baseline -0.005 -7"><span class='ocrx_word' id='word_1_121' title='bbox 250 1016 361 1056; x_wconf 84' lang='lat' dir='ltr'>Tuque</span> <span class='ocrx_word' id='word_1_122' title='bbox 385 1014 446 1053; x_wconf 88' lang='lat' dir='ltr'>fac,</span> <span class='ocrx_word' id='word_1_123' title='bbox 473 1024 529 1047; x_wconf 90' lang='lat' dir='ltr'>nos</span> <span class='ocrx_word' id='word_1_124' title='bbox 553 1023 612 1054; x_wconf 87' lang='lat' dir='ltr'>per</span> <span class='ocrx_word' id='word_1_125' title='bbox 627 1015 709 1047; x_wconf 83' lang='lat' dir='ltr'>hanc</span> <span class='ocrx_word' id='word_1_126' title='bbox 726 1014 810 1046; x_wconf 84' lang='lat' dir='ltr'>viam</span> <span class='ocrx_word' id='word_1_127' title='bbox 925 1013 1064 1045; x_wconf 87' lang='lat' dir='ltr'>Flamini</span> <span class='ocrx_word' id='word_1_128' title='bbox 1088 1013 1157 1044; x_wconf 92' lang='lat' dir='ltr'>laus</span> <span class='ocrx_word' id='word_1_129' title='bbox 1184 1015 1359 1053; x_wconf 84' lang='lat' dir='ltr'>coaeterno,</span> 
     </span>
    </p>

    <p class='ocr_par' dir='ltr' id='par_1_14' title="bbox 246 1059 1396 1102">
     <span class='ocr_line' id='line_1_26' title="bbox 246 1059 1396 1102; baseline -0.002 -7"><span class='ocrx_word' id='word_1_130' title='bbox 246 1064 292 1096; x_wconf 88' lang='lat' dir='ltr'>Te</span> <span class='ocrx_word' id='word_1_131' title='bbox 316 1072 485 1102; x_wconf 85' lang='lat' dir='ltr'>sequamur</span> <span class='ocrx_word' id='word_1_132' title='bbox 508 1062 682 1094; x_wconf 84' lang='lat' dir='ltr'>viatricem.</span> <span class='ocrx_word' id='word_1_133' title='bbox 925 1061 975 1093; x_wconf 92' lang='lat' dir='ltr'>De</span> <span class='ocrx_word' id='word_1_134' title='bbox 999 1070 1059 1100; x_wconf 87' lang='lat' dir='ltr'>quo</span> <span class='ocrx_word' id='word_1_135' title='bbox 1084 1060 1187 1092; x_wconf 88' lang='lat' dir='ltr'>Deum</span> <span class='ocrx_word' id='word_1_136' title='bbox 1212 1059 1396 1099; x_wconf 76' lang='lat' dir='ltr'>concepisti.</span> 
     </span>
    </p>
   </div>
   <div class='ocr_carea' id='block_1_11' title="bbox 262 1124 1010 1163">
    <p class='ocr_par' dir='ltr' id='par_1_15' title="bbox 262 1124 1010 1163">
     <span class='ocr_line' id='line_1_27' title="bbox 262 1124 1010 1163; baseline -0.008 -6"><span class='ocrx_word' id='word_1_137' title='bbox 262 1128 347 1157; x_wconf 86' lang='lat' dir='ltr'>Brev.</span> <span class='ocrx_word' id='word_1_138' title='bbox 366 1126 664 1156; x_wconf 82' lang='lat' dir='ltr'>Gallicano-Siculum</span> <span class='ocrx_word' id='word_1_139' title='bbox 683 1128 753 1163; x_wconf 87' lang='lat' dir='ltr'>imp.</span> <span class='ocrx_word' id='word_1_140' title='bbox 773 1126 907 1154; x_wconf 85' lang='lat' dir='ltr'>Venetiis</span> <span class='ocrx_word' id='word_1_141' title='bbox 929 1124 1010 1153; x_wconf 84' lang='lat'>1527.</span> 
     </span>
    </p>
   </div>
   <div class='ocr_carea' id='block_1_12' title="bbox 611 1217 1054 1316">
    <p class='ocr_par' dir='ltr' id='par_1_16' title="bbox 611 1217 1054 1316">
     <span class='ocr_line' id='line_1_28' title="bbox 611 1217 1054 1251; baseline -0.005 -1"><span class='ocrx_word' id='word_1_142' title='bbox 611 1219 669 1251; x_wconf 88' lang='grc'>101.</span> <span class='ocrx_word' id='word_1_143' title='bbox 700 1219 736 1250; x_wconf 85' lang='lat' dir='ltr'>Iu</span> <span class='ocrx_word' id='word_1_144' title='bbox 754 1218 944 1250; x_wconf 76' lang='lat' dir='ltr'>visitatione</span> <span class='ocrx_word' id='word_1_145' title='bbox 965 1217 1054 1249; x_wconf 68' lang='lat' dir='ltr'>Bnsv.</span> 
     </span>
     <span class='ocr_line' id='line_1_29' title="bbox 712 1285 971 1316; baseline -0.008 0"><span class='ocrx_word' id='word_1_146' title='bbox 712 1285 761 1316; x_wconf 85' lang='lat' dir='ltr'>Ad</span> <span class='ocrx_word' id='word_1_147' title='bbox 778 1285 971 1316; x_wconf 79' lang='lat' dir='ltr'>Nocturnum.</span> 
     </span>
    </p>
   </div>
   <div class='ocr_carea' id='block_1_13' title="bbox 190 1354 1380 1399">
    <p class='ocr_par' dir='ltr' id='par_1_17' title="bbox 190 1354 1380 1399">
     <span class='ocr_line' id='line_1_30' title="bbox 190 1354 1380 1399; baseline -0.005 -7"><span class='ocrx_word' id='word_1_148' title='bbox 190 1358 221 1392; x_wconf 84' lang='lat'>1.</span> <span class='ocrx_word' id='word_1_149' title='bbox 245 1357 310 1390; x_wconf 87' lang='lat' dir='ltr'>Diu</span> <span class='ocrx_word' id='word_1_150' title='bbox 333 1357 450 1388; x_wconf 90' lang='lat' dir='ltr'>mundo</span> <span class='ocrx_word' id='word_1_151' title='bbox 477 1358 690 1395; x_wconf 84' lang='lat' dir='ltr'>exspectatum</span> <span class='ocrx_word' id='word_1_152' title='bbox 869 1357 900 1388; x_wconf 84' lang='lat'>3.</span> <span class='ocrx_word' id='word_1_153' title='bbox 925 1355 963 1387; x_wconf 89' lang='lat' dir='ltr'>In</span> <span class='ocrx_word' id='word_1_154' title='bbox 988 1356 1021 1386; x_wconf 90' lang='lat' dir='ltr'>te</span> <span class='ocrx_word' id='word_1_155' title='bbox 1043 1354 1220 1394; x_wconf 84' lang='lat' dir='ltr'>praemium</span> <span class='ocrx_word' id='word_1_156' title='bbox 1244 1354 1380 1399; x_wconf 83' lang='lat' dir='ltr'>sensisti,</span> 
     </span>
    </p>
   </div>
   <div class='ocr_carea' id='block_1_14' title="bbox 246 1403 774 1537">
    <p class='ocr_par' dir='ltr' id='par_1_18' title="bbox 246 1403 774 1537">
     <span class='ocr_line' id='line_1_31' title="bbox 246 1403 602 1443; baseline -0.008 -6"><span class='ocrx_word' id='word_1_157' title='bbox 246 1403 438 1443; x_wconf 80' lang='lat' dir='ltr'>Exhibuisti,</span> <span class='ocrx_word' id='word_1_158' title='bbox 467 1403 602 1443; x_wconf 89' lang='lat' dir='ltr'>domina,</span> 
     </span>
     <span class='ocr_line' id='line_1_32' title="bbox 248 1449 679 1491; baseline -0.007 -7"><span class='ocrx_word' id='word_1_159' title='bbox 248 1452 351 1491; x_wconf 83' lang='lat' dir='ltr'>Signis</span> <span class='ocrx_word' id='word_1_160' title='bbox 377 1454 411 1481; x_wconf 92' lang='lat' dir='ltr'>tu</span> <span class='ocrx_word' id='word_1_161' title='bbox 434 1449 679 1491; x_wconf 81' lang='lat' dir='ltr'>praefiguratum</span> 
     </span>
     <span class='ocr_line' id='line_1_33' title="bbox 250 1499 774 1537; baseline -0.002 -7"><span class='ocrx_word' id='word_1_162' title='bbox 250 1500 334 1530; x_wconf 86' lang='lat' dir='ltr'>Vera</span> <span class='ocrx_word' id='word_1_163' title='bbox 356 1500 536 1530; x_wconf 83' lang='lat' dir='ltr'>monstrans</span> <span class='ocrx_word' id='word_1_164' title='bbox 561 1506 619 1537; x_wconf 88' lang='lat' dir='ltr'>per</span> <span class='ocrx_word' id='word_1_165' title='bbox 644 1499 774 1530; x_wconf 85' lang='lat' dir='ltr'>lumina.</span> 
     </span>
    </p>
   </div>
   <div class='ocr_carea' id='block_1_15' title="bbox 219 1555 765 1737">
    <p class='ocr_par' dir='ltr' id='par_1_19' title="bbox 219 1555 765 1737">
     <span class='ocr_line' id='line_1_34' title="bbox 219 1555 660 1595; baseline -0.005 -8"><span class='ocrx_word' id='word_1_166' title='bbox 219 1582 226 1589; x_wconf 93' lang='lat'>.</span> <span class='ocrx_word' id='word_1_167' title='bbox 250 1556 357 1595; x_wconf 84' lang='lat' dir='ltr'>Digna</span> <span class='ocrx_word' id='word_1_168' title='bbox 379 1557 482 1586; x_wconf 81' lang='lat' dir='ltr'>mater</span> <span class='ocrx_word' id='word_1_169' title='bbox 508 1555 660 1586; x_wconf 87' lang='lat' dir='ltr'>creatoris</span> 
     </span>
     <span class='ocr_line' id='line_1_35' title="bbox 253 1602 709 1644; baseline 0 -10"><span class='ocrx_word' id='word_1_170' title='bbox 253 1603 397 1635; x_wconf 84' lang='lat' dir='ltr'>Electam</span> <span class='ocrx_word' id='word_1_171' title='bbox 419 1605 552 1633; x_wconf 89' lang='lat' dir='ltr'>matrem</span> <span class='ocrx_word' id='word_1_172' title='bbox 577 1602 709 1644; x_wconf 80' lang='lat' dir='ltr'>legeraS,</span> 
     </span>
     <span class='ocr_line' id='line_1_36' title="bbox 255 1647 765 1691; baseline -0.004 -8"><span class='ocrx_word' id='word_1_173' title='bbox 255 1650 317 1684; x_wconf 86' lang='lat' dir='ltr'>Sed</span> <span class='ocrx_word' id='word_1_174' title='bbox 344 1658 424 1690; x_wconf 88' lang='lat' dir='ltr'>quac</span> <span class='ocrx_word' id='word_1_175' title='bbox 450 1647 533 1681; x_wconf 87' lang='lat' dir='ltr'>foret</span> <span class='ocrx_word' id='word_1_176' title='bbox 557 1650 604 1681; x_wconf 85' lang='lat' dir='ltr'>sic</span> <span class='ocrx_word' id='word_1_177' title='bbox 627 1649 765 1691; x_wconf 87' lang='lat' dir='ltr'>honoris,</span> 
     </span>
     <span class='ocr_line' id='line_1_37' title="bbox 252 1697 730 1737; baseline -0.004 -7"><span class='ocrx_word' id='word_1_178' title='bbox 252 1699 346 1737; x_wconf 86' lang='lat' dir='ltr'>Vere,</span> <span class='ocrx_word' id='word_1_179' title='bbox 373 1697 473 1737; x_wconf 79' lang='lat' dir='ltr'>virgo,</span> <span class='ocrx_word' id='word_1_180' title='bbox 498 1705 563 1728; x_wconf 87' lang='lat' dir='ltr'>non</span> <span class='ocrx_word' id='word_1_181' title='bbox 585 1705 730 1729; x_wconf 75' lang='lat' dir='ltr'>noveras.</span> 
     </span>
    </p>
   </div>
   <div class='ocr_carea' id='block_1_16' title="bbox 927 1402 1494 1536">
    <p class='ocr_par' dir='ltr' id='par_1_20' title="bbox 927 1402 1494 1536">
     <span class='ocr_line' id='line_1_38' title="bbox 928 1402 1494 1443; baseline 0.002 -10"><span class='ocrx_word' id='word_1_182' title='bbox 928 1402 1017 1441; x_wconf 83' lang='lat' dir='ltr'>Quod</span> <span class='ocrx_word' id='word_1_183' title='bbox 1042 1402 1231 1443; x_wconf 89' lang='lat' dir='ltr'>promissum</span> <span class='ocrx_word' id='word_1_184' title='bbox 1252 1402 1319 1442; x_wconf 77' lang='lat' dir='ltr'>jam</span> <span class='ocrx_word' id='word_1_185' title='bbox 1344 1402 1494 1442; x_wconf 84' lang='lat' dir='ltr'>sciveraS,</span> 
     </span>
     <span class='ocr_line' id='line_1_39' title="bbox 927 1449 1385 1489; baseline 0 -8"><span class='ocrx_word' id='word_1_186' title='bbox 927 1449 990 1481; x_wconf 90' lang='lat' dir='ltr'>Per</span> <span class='ocrx_word' id='word_1_187' title='bbox 1014 1457 1105 1489; x_wconf 77' lang='lat' dir='ltr'>quem</span> <span class='ocrx_word' id='word_1_188' title='bbox 1128 1450 1250 1481; x_wconf 88' lang='lat' dir='ltr'>senium</span> <span class='ocrx_word' id='word_1_189' title='bbox 1275 1449 1385 1482; x_wconf 85' lang='lat' dir='ltr'>fovisti</span> 
     </span>
     <span class='ocr_line' id='line_1_40' title="bbox 930 1496 1355 1536; baseline 0.002 -8"><span class='ocrx_word' id='word_1_190' title='bbox 930 1496 1056 1529; x_wconf 83' lang='lat' dir='ltr'>Gremio</span> <span class='ocrx_word' id='word_1_191' title='bbox 1082 1506 1173 1530; x_wconf 88' lang='lat' dir='ltr'>sacro</span> <span class='ocrx_word' id='word_1_192' title='bbox 1198 1497 1355 1536; x_wconf 83' lang='lat' dir='ltr'>bajulans.</span> 
     </span>
    </p>
   </div>
   <div class='ocr_carea' id='block_1_17' title="bbox 871 1553 1451 1594">
    <p class='ocr_par' dir='ltr' id='par_1_21' title="bbox 871 1553 1451 1594">
     <span class='ocr_line' id='line_1_41' title="bbox 871 1553 1451 1594; baseline -0.003 -7"><span class='ocrx_word' id='word_1_193' title='bbox 871 1556 903 1587; x_wconf 88' lang='lat'>4.</span> <span class='ocrx_word' id='word_1_194' title='bbox 923 1554 1044 1586; x_wconf 80' lang='lat' dir='ltr'>Venter</span> <span class='ocrx_word' id='word_1_195' title='bbox 1068 1553 1169 1585; x_wconf 85' lang='lat' dir='ltr'>almus</span> <span class='ocrx_word' id='word_1_196' title='bbox 1192 1554 1278 1586; x_wconf 86' lang='lat' dir='ltr'>hunc</span> <span class='ocrx_word' id='word_1_197' title='bbox 1300 1554 1451 1594; x_wconf 81' lang='lat' dir='ltr'>portavit,</span> 
     </span>
    </p>
   </div>
   <div class='ocr_carea' id='block_1_18' title="bbox 929 1600 1433 1736">
    <p class='ocr_par' dir='ltr' id='par_1_22' title="bbox 929 1600 1433 1736">
     <span class='ocr_line' id='line_1_42' title="bbox 929 1600 1423 1644; baseline 0 -11"><span class='ocrx_word' id='word_1_198' title='bbox 929 1602 1028 1641; x_wconf 79' lang='lat' dir='ltr'>Quem</span> <span class='ocrx_word' id='word_1_199' title='bbox 1052 1601 1161 1641; x_wconf 84' lang='lat' dir='ltr'>nequit</span> <span class='ocrx_word' id='word_1_200' title='bbox 1186 1600 1272 1633; x_wconf 88' lang='lat' dir='ltr'>orbis</span> <span class='ocrx_word' id='word_1_201' title='bbox 1299 1609 1423 1644; x_wconf 85' lang='lat' dir='ltr'>capere,</span> 
     </span>
     <span class='ocr_line' id='line_1_43' title="bbox 931 1648 1353 1691; baseline -0.002 -11"><span class='ocrx_word' id='word_1_202' title='bbox 931 1648 1061 1688; x_wconf 84' lang='lat' dir='ltr'>Nosque</span> <span class='ocrx_word' id='word_1_203' title='bbox 1085 1649 1173 1689; x_wconf 83' lang='lat' dir='ltr'>virgo</span> <span class='ocrx_word' id='word_1_204' title='bbox 1201 1648 1353 1691; x_wconf 76' lang='lat' dir='ltr'>visitavit,</span> 
     </span>
     <span class='ocr_line' id='line_1_44' title="bbox 932 1696 1433 1736; baseline 0.002 -8"><span class='ocrx_word' id='word_1_205' title='bbox 932 1696 999 1735; x_wconf 74' lang='lat' dir='ltr'>Quo</span> <span class='ocrx_word' id='word_1_206' title='bbox 1024 1697 1131 1736; x_wconf 85' lang='lat' dir='ltr'>coepit</span> <span class='ocrx_word' id='word_1_207' title='bbox 1153 1697 1290 1729; x_wconf 82' lang='lat' dir='ltr'>mundus</span> <span class='ocrx_word' id='word_1_208' title='bbox 1314 1696 1433 1729; x_wconf 79' lang='lat' dir='ltr'>vivere.</span> 
     </span>
    </p>
   </div>
   <div class='ocr_carea' id='block_1_19' title="bbox 531 1753 1111 1890">
    <p class='ocr_par' dir='ltr' id='par_1_23' title="bbox 531 1753 1111 1890">
     <span class='ocr_line' id='line_1_45' title="bbox 531 1753 1040 1795; baseline -0.006 -8"><span class='ocrx_word' id='word_1_209' title='bbox 531 1755 560 1787; x_wconf 84' lang='lat'>5.</span> <span class='ocrx_word' id='word_1_210' title='bbox 587 1753 645 1794; x_wconf 82' lang='lat' dir='ltr'>Tu,</span> <span class='ocrx_word' id='word_1_211' title='bbox 672 1762 762 1795; x_wconf 90' lang='lat' dir='ltr'>quem</span> <span class='ocrx_word' id='word_1_212' title='bbox 787 1754 871 1785; x_wconf 87' lang='lat' dir='ltr'>alma</span> <span class='ocrx_word' id='word_1_213' title='bbox 894 1753 1040 1794; x_wconf 85' lang='lat' dir='ltr'>genuisti,</span> 
     </span>
     <span class='ocr_line' id='line_1_46' title="bbox 585 1800 972 1841; baseline -0.005 -7"><span class='ocrx_word' id='word_1_214' title='bbox 585 1801 725 1835; x_wconf 87' lang='lat' dir='ltr'>Ostende</span> <span class='ocrx_word' id='word_1_215' title='bbox 748 1801 839 1833; x_wconf 87' lang='lat' dir='ltr'>nobis</span> <span class='ocrx_word' id='word_1_216' title='bbox 863 1800 972 1841; x_wconf 89' lang='lat' dir='ltr'>filium,</span> 
     </span>
     <span class='ocr_line' id='line_1_47' title="bbox 584 1848 1111 1890; baseline -0.002 -9"><span class='ocrx_word' id='word_1_217' title='bbox 584 1848 638 1889; x_wconf 79' lang='lat' dir='ltr'>Et,</span> <span class='ocrx_word' id='word_1_218' title='bbox 667 1849 707 1881; x_wconf 87' lang='lat' dir='ltr'>de</span> <span class='ocrx_word' id='word_1_219' title='bbox 732 1858 791 1890; x_wconf 88' lang='lat' dir='ltr'>quo</span> <span class='ocrx_word' id='word_1_220' title='bbox 816 1850 901 1881; x_wconf 82' lang='lat' dir='ltr'>hunc</span> <span class='ocrx_word' id='word_1_221' title='bbox 926 1849 1111 1889; x_wconf 77' lang='lat' dir='ltr'>concepisti,</span> 
     </span>
    </p>
   </div>
   <div class='ocr_carea' id='block_1_20' title="bbox 585 1896 1117 1936">
    <p class='ocr_par' dir='ltr' id='par_1_24' title="bbox 585 1896 1117 1936">
     <span class='ocr_line' id='line_1_48' title="bbox 585 1896 1117 1936; baseline 0.002 -8"><span class='ocrx_word' id='word_1_222' title='bbox 585 1897 713 1929; x_wconf 89' lang='lat' dir='ltr'>Patrem</span> <span class='ocrx_word' id='word_1_223' title='bbox 737 1899 769 1927; x_wconf 88' lang='lat' dir='ltr'>et</span> <span class='ocrx_word' id='word_1_224' title='bbox 793 1899 937 1928; x_wconf 89' lang='lat' dir='ltr'>sanctum</span> <span class='ocrx_word' id='word_1_225' title='bbox 961 1896 1117 1936; x_wconf 85' lang='lat' dir='ltr'>spiritum.</span> 
     </span>
    </p>
   </div>
   <div class='ocr_carea' id='block_1_21' title="bbox 192 1959 1499 2037">
    <p class='ocr_par' dir='ltr' id='par_1_25' title="bbox 192 1959 1499 2037">
     <span class='ocr_line' id='line_1_49' title="bbox 265 1959 1499 1998; baseline -0.002 -8"><span class='ocrx_word' id='word_1_226' title='bbox 265 1963 349 1990; x_wconf 62' lang='lat' dir='ltr'>Brov.</span> <span class='ocrx_word' id='word_1_227' title='bbox 371 1961 670 1990; x_wconf 77' lang='lat' dir='ltr'>Gallicano-Siculum</span> <span class='ocrx_word' id='word_1_228' title='bbox 694 1963 763 1998; x_wconf 83' lang='lat' dir='ltr'>imp.</span> <span class='ocrx_word' id='word_1_229' title='bbox 784 1962 917 1989; x_wconf 81' lang='lat' dir='ltr'>Venetiis</span> <span class='ocrx_word' id='word_1_230' title='bbox 949 1959 1030 1989; x_wconf 82' lang='lat'>1527.</span> <span class='ocrx_word' id='word_1_231' title='bbox 1056 1975 1094 1980; x_wconf 92' lang='lat'>—-</span> <span class='ocrx_word' id='word_1_232' title='bbox 1120 1960 1148 1996; x_wconf 86' lang='grc'>1,</span> <span class='ocrx_word' id='word_1_233' title='bbox 1177 1960 1194 1990; x_wconf 83' lang='lat'><strong>3</strong></span> <span class='ocrx_word' id='word_1_234' title='bbox 1223 1961 1297 1988; x_wconf 86' lang='lat' dir='ltr'>fehlt</span> <span class='ocrx_word' id='word_1_235' title='bbox 1318 1962 1383 1988; x_wconf 85' lang='lat' dir='ltr'>eine</span> <span class='ocrx_word' id='word_1_236' title='bbox 1404 1960 1499 1996; x_wconf 79' lang='lat' dir='ltr'>Silbe3</span> 
     </span>
     <span class='ocr_line' id='line_1_50' title="bbox 192 1998 1092 2037; baseline -0.002 -10"><span class='ocrx_word' id='word_1_237' title='bbox 192 2008 249 2037; x_wconf 85' lang='lat' dir='ltr'>que</span> <span class='ocrx_word' id='word_1_238' title='bbox 269 2001 396 2036; x_wconf 73' lang='lat' dir='ltr'>erg&#39;anzt.</span> <span class='ocrx_word' id='word_1_239' title='bbox 415 2015 454 2020; x_wconf 85' lang='lat'>--</span> <span class='ocrx_word' id='word_1_240' title='bbox 476 1998 501 2035; x_wconf 83' lang='lat'>2,</span> <span class='ocrx_word' id='word_1_241' title='bbox 525 1998 539 2027; x_wconf 85' lang='grc'>1</span> <span class='ocrx_word' id='word_1_242' title='bbox 561 2009 578 2028; x_wconf 91' lang='grc' dir='ltr'>ο</span> <span class='ocrx_word' id='word_1_243' title='bbox 598 2003 699 2028; x_wconf 80' lang='lat' dir='ltr'>mater.</span> <span class='ocrx_word' id='word_1_244' title='bbox 719 2015 753 2019; x_wconf 89' lang='lat'><strong>—</strong></span> <span class='ocrx_word' id='word_1_245' title='bbox 776 1998 803 2033; x_wconf 84' lang='lat'>4,</span> <span class='ocrx_word' id='word_1_246' title='bbox 827 1998 847 2027; x_wconf 83' lang='lat'>4</span> <span class='ocrx_word' id='word_1_247' title='bbox 867 2000 929 2033; x_wconf 79' lang='lat' dir='ltr'>Quo</span> <span class='ocrx_word' id='word_1_248' title='bbox 951 2001 1092 2036; x_wconf 84' lang='lat' dir='ltr'>concepit.</span> 
     </span>
    </p>
   </div>
   <div class='ocr_carea' id='block_1_22' title="bbox 625 2090 1074 2188">
    <p class='ocr_par' dir='ltr' id='par_1_26' title="bbox 625 2090 1074 2188">
     <span class='ocr_line' id='line_1_51' title="bbox 625 2090 1074 2122; baseline 0 0"><span class='ocrx_word' id='word_1_249' title='bbox 625 2091 689 2122; x_wconf 80' lang='lat'>102.</span> <span class='ocrx_word' id='word_1_250' title='bbox 720 2091 756 2122; x_wconf 79' lang='lat' dir='ltr'>In</span> <span class='ocrx_word' id='word_1_251' title='bbox 773 2090 969 2122; x_wconf 79' lang='lat' dir='ltr'>Visitaticnc</span> <span class='ocrx_word' id='word_1_252' title='bbox 987 2090 1074 2122; x_wconf 69' lang='lat' dir='ltr'>BMV.</span> 
     </span>
     <span class='ocr_line' id='line_1_52' title="bbox 746 2158 940 2188; baseline -0.005 0"><span class='ocrx_word' id='word_1_253' title='bbox 746 2158 794 2188; x_wconf 88' lang='lat' dir='ltr'>Ad</span> <span class='ocrx_word' id='word_1_254' title='bbox 813 2158 940 2188; x_wconf 87' lang='lat' dir='ltr'>Laudes.</span> 
     </span>
    </p>
   </div>
   <div class='ocr_carea' id='block_1_23' title="bbox 195 2228 720 2415">
    <p class='ocr_par' dir='ltr' id='par_1_27' title="bbox 195 2228 720 2415">
     <span class='ocr_line' id='line_1_53' title="bbox 195 2228 661 2263; baseline -0.006 0"><span class='ocrx_word' id='word_1_255' title='bbox 195 2230 225 2263; x_wconf 86' lang='lat'>1.</span> <span class='ocrx_word' id='word_1_256' title='bbox 251 2230 300 2261; x_wconf 90' lang='lat' dir='ltr'>Tu</span> <span class='ocrx_word' id='word_1_257' title='bbox 324 2228 436 2260; x_wconf 83' lang='lat' dir='ltr'>veniae</span> <span class='ocrx_word' id='word_1_258' title='bbox 460 2237 536 2261; x_wconf 89' lang='lat' dir='ltr'>vera</span> <span class='ocrx_word' id='word_1_259' title='bbox 559 2231 661 2261; x_wconf 88' lang='lat' dir='ltr'>mater</span> 
     </span>
     <span class='ocr_line' id='line_1_54' title="bbox 252 2275 665 2316; baseline 0 -8"><span class='ocrx_word' id='word_1_260' title='bbox 252 2277 373 2309; x_wconf 84' lang='lat' dir='ltr'>Mundo</span> <span class='ocrx_word' id='word_1_261' title='bbox 401 2275 506 2308; x_wconf 89' lang='lat' dir='ltr'>fecisti</span> <span class='ocrx_word' id='word_1_262' title='bbox 531 2277 665 2316; x_wconf 86' lang='lat' dir='ltr'>veniam,</span> 
     </span>
     <span class='ocr_line' id='line_1_55' title="bbox 251 2323 714 2364; baseline -0.004 -7"><span class='ocrx_word' id='word_1_263' title='bbox 251 2324 326 2357; x_wconf 82' lang='lat' dir='ltr'>Tibi</span> <span class='ocrx_word' id='word_1_264' title='bbox 349 2333 488 2356; x_wconf 83' lang='lat' dir='ltr'>summus</span> <span class='ocrx_word' id='word_1_265' title='bbox 511 2323 598 2357; x_wconf 86' lang='lat' dir='ltr'>Deus</span> <span class='ocrx_word' id='word_1_266' title='bbox 622 2327 714 2364; x_wconf 81' lang='lat' dir='ltr'>pater</span> 
     </span>
     <span class='ocr_line' id='line_1_56' title="bbox 254 2372 720 2415; baseline 0.002 -9"><span class='ocrx_word' id='word_1_267' title='bbox 254 2373 439 2415; x_wconf 86' lang='lat' dir='ltr'>Supremam</span> <span class='ocrx_word' id='word_1_268' title='bbox 465 2372 555 2405; x_wconf 88' lang='lat' dir='ltr'>dedit</span> <span class='ocrx_word' id='word_1_269' title='bbox 578 2372 720 2414; x_wconf 85' lang='lat' dir='ltr'>gloriam.</span> 
     </span>
    </p>
   </div>
   <div class='ocr_carea' id='block_1_24' title="bbox 874 2228 1457 2414">
    <p class='ocr_par' dir='ltr' id='par_1_28' title="bbox 874 2228 1457 2414">
     <span class='ocr_line' id='line_1_57' title="bbox 874 2228 1356 2268; baseline -0.002 -7"><span class='ocrx_word' id='word_1_270' title='bbox 874 2231 905 2262; x_wconf 86' lang='lat'>2.</span> <span class='ocrx_word' id='word_1_271' title='bbox 931 2228 1091 2261; x_wconf 85' lang='lat' dir='ltr'>Excitasti</span> <span class='ocrx_word' id='word_1_272' title='bbox 1114 2237 1356 2268; x_wconf 83' lang='lat' dir='ltr'>praecursorem</span> 
     </span>
     <span class='ocr_line' id='line_1_58' title="bbox 934 2276 1333 2309; baseline 0.003 -1"><span class='ocrx_word' id='word_1_273' title='bbox 934 2276 983 2308; x_wconf 88' lang='lat' dir='ltr'>Tu</span> <span class='ocrx_word' id='word_1_274' title='bbox 1007 2276 1167 2309; x_wconf 84' lang='lat' dir='ltr'>visitando</span> <span class='ocrx_word' id='word_1_275' title='bbox 1192 2277 1333 2309; x_wconf 86' lang='lat' dir='ltr'>sterilem</span> 
     </span>
     <span class='ocr_line' id='line_1_59' title="bbox 933 2323 1381 2358; baseline 0.009 -4"><span class='ocrx_word' id='word_1_276' title='bbox 933 2323 979 2355; x_wconf 85' lang='lat' dir='ltr'>Et</span> <span class='ocrx_word' id='word_1_277' title='bbox 1001 2323 1155 2357; x_wconf 77' lang='lat' dir='ltr'>infantem</span> <span class='ocrx_word' id='word_1_278' title='bbox 1180 2324 1216 2357; x_wconf 82' lang='lat' dir='ltr'>in</span> <span class='ocrx_word' id='word_1_279' title='bbox 1240 2334 1381 2358; x_wconf 83' lang='lat' dir='ltr'>amorem</span> 
     </span>
     <span class='ocr_line' id='line_1_60' title="bbox 935 2371 1457 2414; baseline 0.006 -10"><span class='ocrx_word' id='word_1_280' title='bbox 935 2371 1084 2405; x_wconf 86' lang='lat' dir='ltr'>Firmans</span> <span class='ocrx_word' id='word_1_281' title='bbox 1110 2381 1279 2414; x_wconf 86' lang='lat' dir='ltr'>senemque</span> <span class='ocrx_word' id='word_1_282' title='bbox 1306 2373 1457 2409; x_wconf 88' lang='lat' dir='ltr'>debilem.</span> 
     </span>
    </p>
   </div>
  </div>
 </body>
</html>
