1653 2637
709 168 756 177 *—
805 150 875 187 166
925 168 965 176 ——

615 245 683 276 280.
715 244 757 277 De
777 245 889 277 saneta
907 242 1082 275 Elisabeth.

191 317 221 349 1.
248 314 416 349 Elisabeth
442 315 656 348 collaudemus
873 316 905 348 5.
930 316 1055 354 Aquam
1086 322 1154 346 eam
1181 312 1255 345 dum
1279 312 1405 353 rogavit

293 364 453 395 Virtutum
479 363 626 404 insignia,
977 361 1088 393 Hostis
1115 361 1326 399 innocentiae,

246 411 317 444 Oris
343 411 372 443 ei
397 414 635 450 praesentemus
928 408 1042 441 Potum
1066 409 1152 440 lacte
1175 406 1355 448 perforavit

292 460 416 491 Devote
441 458 602 498 obsequia,
978 457 1076 490 olavo
1100 455 1316 495 poenitentiae

247 505 293 538 Ut
315 513 373 546 spe
397 508 486 537 recta
510 505 700 545 respiremus
928 504 973 535 Et
997 504 1044 535 sic
1067 511 1137 534 sese
1162 503 1313 534 Jiberavit

294 554 357 585 Per
383 553 449 591 ejus
475 552 634 593 suffragia.
975 552 1084 584 Virtus
1107 550 1286 590 patientiae.

186 611 217 643 2.
242 609 351 649 Stirpe
375 617 485 648 regum
508 611 676 648 procreata
870 609 902 641 6.
928 608 1071 640 Tandem
1098 607 1164 639 viro
1192 607 1345 639 destituta

291 658 330 690 In
354 660 442 688 terra
467 656 632 695 nobilium,
974 655 1098 687 Munda
1125 655 1277 687 mundum
1304 654 1401 694 exuit,

246 703 405 736 Christum
431 712 537 743 regem
560 703 694 742 imitata,
930 703 1090 735 Christum
1118 706 1225 735 mente
1245 700 1313 744 jam
1338 702 1452 733 induta

292 750 495 784 Conditorem
520 750 668 790 omniurn,
977 750 1109 781 Saccum
1134 750 1224 782 cami
1249 749 1373 781 consuit

246 797 357 830 Choris
383 802 431 830 est
455 798 611 830 associata
928 797 972 829 Et
995 797 1029 829 in
1053 799 1178 836 tempus
1202 797 1282 829 haec
1306 799 1427 828 statuta

291 846 506 886 Supernozum
532 844 657 878 civium.
975 844 1028 876 Sic
1050 844 1174 884 lampas
1200 844 1338 876 emicuit.

184 905 217 938 3.
240 902 423 935 Pubertatis
450 902 566 934 ducens
591 911 707 933 annum
871 903 902 933 7.
928 901 1029 933 Veras
1054 909 1150 932 censu
1174 901 1375 941 paupertatis

291 950 426 982 Sanctae
449 953 557 982 manet
580 949 709 988 indolis,
974 947 1147 980 Redimens
1174 948 1303 980 divitias

243 997 400 1037 Sponsum
424 997 548 1036 accepit
572 999 751 1035 tyrannum,
926 995 977 1027 De
1000 996 1149 1027 thesauro
1173 995 1304 1034 pietatis

291 1044 388 1083 Quem
414 1043 565 1075 virtutum
588 1043 624 1073 in
648 1043 765 1074 scholis
973 1042 1074 1074 Fudit
1097 1043 1167 1074 auri
1193 1042 1300 1082 copias

242 1091 354 1123 Mitem
380 1089 457 1121 facit
481 1091 568 1122 velut
592 1099 716 1129 agnum,
925 1090 970 1121 Et
993 1089 1163 1121 multorum
1187 1090 1336 1130 egestatis

288 1138 400 1178 Jungit
425 1138 503 1169 coeli
526 1137 649 1170 incolis.
974 1137 1142 1177 Supplevit
1165 1137 1302 1177 inopias.

184 1196 216 1227 4.
243 1194 335 1226 Haec
357 1194 489 1234 insignis
516 1197 548 1225 et
572 1194 666 1226 beata
871 1194 903 1226 8.
929 1193 1023 1226 Fecit
1046 1202 1126 1233 opus
1150 1193 1220 1226 fuso
1248 1193 1311 1225 cibi

289 1242 467 1282 Pauperum
488 1242 635 1281 nutricia,
978 1242 1136 1281 Quaerens
1161 1241 1342 1273 alimoniam

242 1289 342 1321 Fastu
364 1289 474 1320 mundi
500 1298 562 1320 non
589 1289 673 1320 elata
927 1288 971 1320 Et
995 1288 1151 1320 vilescens
1176 1289 1248 1329 ipsa
1272 1288 1335 1320 sibi

290 1337 360 1368 Nec
382 1339 551 1375 parentum
575 1336 687 1376 gloria,
974 1336 1106 1374 Quaerit
1125 1336 1342 1376 ignominiam,

241 1385 281 1416 1n
305 1393 340 1415 se
365 1383 468 1415 carnis
497 1383 655 1416 trucidata
929 1383 1039 1416 Sciens
1064 1383 1134 1425 soli,
1162 1384 1297 1426 Christe,
1321 1383 1383 1415 tibi

294 1430 458 1463 Crucifixit
478 1431 565 1463 vitia.
973 1430 1067 1462 Recti
1093 1431 1164 1462 dari
1188 1430 1331 1471 gloriam.

546 1489 577 1520 9.
603 1487 688 1519 Huic
713 1496 786 1528 ergo
811 1487 922 1519 laudes
949 1488 1058 1519 demus

651 1534 696 1566 Et
718 1543 830 1574 preces
855 1534 1018 1566 humiliter

606 1581 650 1613 Et
675 1582 777 1621 adjuti
803 1583 1014 1621 emendemus,

654 1629 743 1667 Quod
769 1631 931 1668 patramus
954 1629 1083 1668 jugiter,

603 1676 649 1708 Ut
672 1684 730 1715 per
756 1684 824 1707 eam
850 1684 1074 1716 conregnemus

652 1723 777 1755 Christo
807 1723 1021 1755 aeternaliter.

258 1789 382 1816 Henrici
399 1788 514 1816 Bebclii
532 1789 622 1817 Liber
647 1787 822 1822 hymnorum
845 1788 915 1823 imp.
940 1796 963 1814 s.
982 1787 1003 1814 1.
1024 1788 1054 1814 et
1073 1795 1099 1814 a.
1118 1786 1222 1824 (1501).
1243 1803 1280 1808 -—
1301 1789 1368 1817 Von
1391 1790 1449 1819 Str.
1469 1789 1490 1818 4

182 1826 228 1854 bis
248 1824 266 1854 8
285 1826 412 1854 vei-lauit
430 1826 481 1854 der
500 1826 635 1862 Hymnus
655 1826 799 1853 identisch
818 1826 873 1852 mit
889 1826 978 1853 Mone
996 1824 1044 1853 111
1062 1825 1111 1853 Nr.
1134 1824 1198 1860 905,
1220 1827 1276 1855 Str.
1297 1827 1314 1855 5
1334 1828 1364 1855 ff.

632 1946 692 1977 281.
723 1946 767 1977 De
788 1946 894 1977 sancto
915 1945 1051 1976 Elisaeo.

731 2013 767 2042 In
785 2013 934 2049 vesperis.

424 2081 454 2113 1.
481 2082 527 2114 Ut
553 2082 662 2122 lingua
687 2082 790 2113 carnis
817 2081 912 2121 digne
935 2082 1038 2120 possit
1060 2091 1207 2121 promere

479 2129 525 2161 Et
550 2128 612 2161 viri
636 2129 697 2161 Dei
720 2137 822 2160 mores
847 2129 942 2167 plene
968 2129 1084 2171 dicere,

479 2176 605 2207 Mentes
630 2176 779 2208 obscuras
803 2179 856 2208 tuo
879 2178 974 2216 tange
997 2177 1125 2211 lumine.

482 2222 616 2264 Christe,
641 2224 825 2263 redemptor
849 2231 887 2254 ac
911 2224 1050 2256 salvator
1075 2225 1203 2264 optime,

421 2282 452 2313 2.
478 2280 659 2320 Prophetae
691 2280 759 2313 dies
786 2279 964 2313 celebratur
987 2280 1093 2321 hodie,

479 2328 544 2367 Quo
568 2327 724 2371 Elisaeus‚
754 2329 826 2361 divo
851 2328 963 2367 plenus
988 2336 1118 2360 munere

479 2375 524 2407 Et
547 2375 581 2407 in
607 2375 735 2407 sublimi
763 2375 934 2408 collocatus
962 2375 1107 2416 culmine,

479 2422 616 2456 Nostrae
640 2424 778 2463 supplici
801 2423 941 2457 traditur
964 2424 1144 2460 memoriae,
