1653 2637
0 0 243 99 Ἷ-.-

744 188 787 192 -
839 167 881 202 11
939 189 981 195 --

701 259 729 290 5.
749 260 793 291 De
814 268 854 291 ss.
875 260 1042 291 Trinitate.

759 327 808 357 Ad
827 327 955 358 Laudes.

212 383 242 417 1.
269 384 308 416 In
330 383 432 423 jubilo
453 385 608 417 laudabili
897 389 929 420 3.
954 387 994 420 In
1021 388 1188 419 condensis
1213 390 1343 421 statuite

268 430 314 463 Et
338 432 434 464 laude
458 433 635 465 venerabili
954 434 1046 466 Diem
1071 436 1242 467 solemnem
1267 439 1299 467 et.
1325 437 1421 469 dicite

271 477 493 511 Glorificemus
516 479 626 523 filium,
954 481 1080 514 Laudes
1107 485 1275 514 concentus
1300 484 1412 515 hilaris

270 526 398 558 Patrem
425 530 456 558 et
481 530 624 559 sanctum
654 528 812 568 spiritum.
956 529 1063 569 Usque
1082 530 1122 561 ad
1150 539 1247 562 cornu
1272 531 1392 563 altaris.

212 584 242 614 2.
269 582 384 614 Omnes
411 583 443 614 in
468 584 583 624 insigni
613 585 665 616 die
897 588 928 619 4.
955 585 1004 618 Sit
1027 585 1161 618 infirmis
1186 587 1331 630 salvatio,

270 629 487 663 Solemnitatis
513 641 636 663 annuae
957 633 1099 673 Captivis
1124 635 1282 675 liberatio,

269 677 465 718 Expurgatis
491 679 675 711 criminibus
955 681 1161 713 Peccatorum
1185 682 1328 714 remissio

271 724 513 757 conformemur
536 726 569 757 in
595 726 764 759 mentibus.
954 727 998 759 Et
1022 728 1107 759 salus
1132 729 1201 760 sine
1224 730 1329 762 noxio.

611 786 643 816 5.
669 783 811 815 Trinitas
836 783 1012 824 individua,

665 831 781 864 Unitas
805 834 961 871 perpetua

665 877 753 909 Dent
777 880 907 910 aeterna
930 879 1056 919 gaudia,

671 925 736 958 Ubi
761 935 824 966 pax
850 928 899 957 est
923 929 955 957 et
979 926 1091 966 gloria.

285 991 390 1018 Diurn.
416 999 468 1018 ms.
493 992 699 1028 Magunffinum
725 991 796 1018 anni
818 989 899 1018 1490.
932 991 1001 1019 God.
1023 992 1147 1019 Gothan.
1168 993 1274 1019 Memb.
1294 991 1344 1027 (Π)
1363 991 1408 1020 26.
1431 993 1466 1020 A.
1487 1009 1524 1013 —

210 1029 293 1056 Brev.
311 1037 363 1056 ms.
378 1029 586 1064 Maguntinum
599 1037 674 1056 saec.
691 1027 734 1056 15.
750 1030 790 1055 in.
828 1028 898 1056 Cod.
914 1029 1130 1057 Francofurten.
1147 1030 1246 1057 Barth.
1264 1028 1326 1057 150.
1341 1031 1373 1058 B.
1388 1047 1424 1050 —
1438 1032 1522 1059 Brev.

210 1075 262 1093 ms.
285 1066 315 1094 S.
336 1067 557 1094 Bartholomaei
578 1067 798 1095 Franeofiirten.
825 1075 900 1094 saec.
924 1065 967 1094 15.
1009 1067 1077 1094 cod.
1098 1068 1316 1095 Franeofiu·tcn.
1336 1069 1435 1096 Barth.
1458 1067 1521 1096 160.

213 1104 245 1132 C.
270 1118 308 1123 —
328 1103 360 1138 2,
387 1103 404 1131 2
426 1106 523 1132 anime
544 1104 574 1132 Ο.
595 1119 632 1123 -
654 1103 686 1138 4,
714 1102 732 1132 3
752 1106 936 1140 peccantium
955 1105 988 1131 B.
1010 1120 1044 1123 —
1068 1103 1098 1138 5,
1120 1103 1138 1132 2
1157 1105 1230 1132 fehlt
1248 1107 1314 1133 eine
1333 1105 1415 1134 Silbe
1434 1106 1524 1136 ABG:

209 1143 266 1170 lies
286 1143 328 1170 Et
347 1141 468 1170 unitas?
495 1158 535 1162 —
554 1141 579 1177 5,
602 1141 619 1171 3
639 1143 713 1171 fehlt
738 1143 804 1170 eine
824 1142 906 1170 Silbe
925 1142 1013 1178 ABG3
1034 1143 1089 1170 lies
1110 1142 1238 1170 donent?
1259 1144 1339 1171 Dent
1358 1147 1478 1172 externa
1493 1146 1523 1172 O.

695 1237 721 1265 6.
746 1235 785 1265 De
805 1242 845 1265 ss.
866 1234 1029 1265 Trinitate.

216 1305 245 1337 1.
273 1303 369 1346 Deus,
397 1306 491 1344 pater
515 1304 667 1347 piissime,
899 1306 931 1338 4.
957 1304 1009 1336 Da
1033 1305 1208 1343 simplicem
1233 1305 1434 1344 prudentiam

276 1352 419 1384 Petenda
440 1352 531 1383 nobis
557 1360 690 1392 suggere
954 1352 997 1383 Et
1024 1352 1187 1383 caritatem
1213 1350 1381 1390 fervidam,

271 1399 315 1431 Et
342 1399 438 1439 digna
462 1399 698 1439 postulantibus
960 1400 1028 1439 Qua
1054 1399 1172 1431 certius
1197 1399 1391 1439 signaculum

272 1446 322 1478 Ne
347 1446 475 1478 differas
499 1447 627 1478 diutius.
957 1446 1029 1478 Non
1055 1449 1104 1478 est
1128 1446 1187 1478 tibi
1211 1447 1413 1486 placentium.

214 1515 245 1547 2.
272 1513 323 1545 Da
348 1522 403 1546 cor
427 1512 588 1553 profunde
612 1514 777 1553 poenitens
901 1515 931 1546 5.
957 1513 1004 1544 Te
1028 1513 1231 1552 pollicentem
1257 1513 1425 1556 credimus,

272 1561 350 1593 Cum
374 1561 578 1593 lacrimarum
602 1559 741 1601 flumine,
959 1560 1049 1599 Quod
1074 1560 1153 1592 haec
1178 1561 1266 1600 prius
1292 1560 1516 1600 quaerentibus

271 1608 338 1647 Quo
365 1609 529 1641 diluantur
554 1609 659 1641 omnia
959 1608 1139 1646 Addantur,
1162 1609 1246 1640 ultro
1270 1611 1385 1648 cetera,

269 1657 421 1690 Verenda
446 1657 667 1691 conscientiae.
960 1656 1170 1696 Quaecunque
1193 1657 1324 1698 restant,
1353 1656 1525 1689 commoda.

211 1725 242 1757 3.
268 1725 359 1764 Auge
383 1722 461 1756 fidei
486 1724 620 1764 gratiam
901 1724 932 1757 6.
958 1723 1071 1755 Honor
1095 1723 1138 1754 sit
1162 1725 1256 1762 atque
1279 1722 1382 1762 gloria

269 1771 425 1811 Statuque
449 1770 543 1803 firma
565 1771 701 1815 perpeti,
957 1772 996 1804 In
1021 1770 1216 1810 sempiterna
1241 1770 1369 1802 saecula

269 1819 315 1852 Ut
339 1828 402 1851 non
425 1820 555 1851 vacillet
579 1820 701 1859 impetu
959 1818 1033 1850 Tibi
1058 1818 1144 1858 patri
1170 1827 1240 1849 cum
1264 1816 1330 1849 filio

265 1867 336 1899 Neo
360 1867 558 1899 Antichristi
582 1866 725 1907 pessimi.
962 1866 1007 1898 Et
1030 1866 1146 1906 spiritu
1170 1865 1340 1906 paraclito.

285 1932 441 1970 „Officium
453 1933 548 1961 BMV.
570 1942 636 1961 cum
655 1933 756 1960 multis
777 1931 915 1961 laudibus
937 1941 971 1960 ac
984 1933 1069 1960 novis
1085 1932 1267 1960 orationibus
1281 1933 1457 1967 impressum
1474 1940 1526 1967 per

207 1972 398 2001 Benedictum
426 1972 629 2000 Dulcibellum
656 1971 834 2007 Cal-pensem
860 1973 892 1999 in
923 1971 1025 1999 Castro
1055 1971 1153 1998 Lauro
1176 1970 1274 1998 Curtis
1299 1970 1419 2006 majoris
1439 1969 1524 1997 Anno

208 2008 290 2039 1503.
331 2011 435 2039 Idibus
457 2008 589 2039 Martii.“

701 2105 727 2134 7.
748 2103 791 2135 De
810 2112 849 2135 ss.
870 2102 1035 2134 Trinitate.

208 2168 238 2201 1.
265 2167 338 2199 Lux
362 2167 572 2208 saeculorum,
899 2167 929 2198 2.
957 2165 1005 2198 Te
1026 2165 1219 2208 invocamus,

264 2215 337 2248 Lux
362 2215 559 2258 angelorum,
959 2214 1006 2246 Te
1031 2213 1211 2253 adoramus,

265 2264 342 2297 Vita
366 2266 558 2303 sanctorum,
956 2262 1003 2294 Te
1028 2260 1242 2302 glorificamus

263 2312 344 2353 Spes
369 2312 546 2353 beatorum,
955 2310 1064 2351 Teque
1087 2309 1264 2352 laudamus,

263 2362 361 2394 Pater
385 2362 549 2404 immense,
955 2358 1047 2390 Pelle
1069 2358 1264 2402 languorem,

263 2409 329 2442 Fili
353 2410 528 2450 praecelse,
956 2406 1081 2440 Praebe
1103 2407 1271 2451 medelam,

262 2457 401 2499 Spiritus
426 2458 518 2491 alme.
958 2454 1075 2488 Confer
1099 2456 1244 2488 salutem.
