1653 2637
697 130 960 165 —119—

631 240 694 273 194.
727 241 770 272 De
789 241 900 273 sancta
919 242 1016 272 Anna.

724 318 774 348 Ad
792 315 921 347 Laudes.

167 398 197 431 1.
224 397 327 439 Salve,
354 404 470 436 parens
496 395 607 428 matris
636 396 764 436 Christi,

225 444 357 476 Stellam
382 444 456 484 quia
480 443 655 486 protulisti,

277 491 373 525 Unde
397 491 445 522 sol
471 491 614 532 emicuit3

224 538 296 572 Lux
322 540 362 571 de
386 539 458 571 luce
483 538 595 579 prodit
619 541 690 570 orta

227 586 341 619 Clausa
366 588 574 626 permanente
598 588 701 629 porta,

272 635 371 667 Vates
396 635 433 665 ut
456 633 645 674 praecinuit.

169 693 200 723 2.
227 691 321 723 Felix
344 691 408 722 ista
433 690 588 731 genitura,

227 737 292 770 Pro
318 747 381 778 qua
404 737 491 769 Deus
515 737 627 770 mortis
650 739 725 778 J'ura

275 786 443 826 Dissipare
467 785 578 828 voluit,

228 834 365 865 Auctrix
390 833 485 865 Anna
507 833 591 864 tanti
615 833 700 872 boni,

229 880 323 913 Cedis
348 880 576 920 maledictioni,

277 929 375 960 Vetus
401 929 455 960 lex
478 937 572 968 quam
596 927 719 960 statuit.

857 397 887 429 3.
914 396 963 428 Tu
987 396 1113 435 p1tdem
1137 395 1337 429 infructuosa

915 444 1045 476 Cunctis
1071 452 1142 475 eras
1168 444 1280 476 odiosa

962 490 1039 522 Tuis
1066 490 1308 530 contiibulibus,

915 538 1012 571 Prole
1036 539 1166 570 tandem
1193 537 1366 571 fecundata

915 586 961 618 Es
988 585 1084 618 beata
1107 586 1296 626 praedicata

965 633 1048 666 Olim
1073 635 1106 665 te
1131 634 1365 674 spernentibus.

857 693 889 725 4.
915 690 1003 731 Ergo
1028 693 1137 722 natam
1164 690 1347 731 deprecare,

915 738 984 770 Nos
1008 741 1045 769 ut
1068 747 1123 769 suo
1151 739 1373 771 commendare-

965 785 1049 818 Nato
1075 786 1153 817 velit
1179 785 1348 829 precibus3

917 833 1006 873 Quod
1031 837 1197 873 praestare
1222 836 1258 865 tu
1283 833 1424 874 dignare,

916 880 1006 912 Bona
1031 883 1144 913 cuncta
1168 881 1221 920 qui
1248 889 1357 912 creare

965 927 1035 960 Seis
1066 930 1098 959 et
1122 928 1209 960 vales
1235 928 1392 960 omnibus

246 1013 331 1040 Brev.
366 1020 418 1039 ms.
450 1019 526 1039 saeC.
560 1009 603 1039 15-
645 1011 714 1039 Cod.
746 1011 886 1039 Graeeen.
919 1009 1000 1040 1548.
1032 1012 1066 1039 A.
1097 1028 1135 1032 —
1166 1012 1232 1039 Ood,
1267 1012 1406 1040 Graecnn.
1437 1011 1486 1045 (ol.

172 1048 338 1084 Seeovien.)
363 1047 419 1078 75ss
446 1050 515 1077 anni
543 1046 626 1077 1345.
652 1050 684 1077 B.
711 1063 746 1067 —
775 1049 811 1077 In
838 1050 862 1077 Β
889 1050 929 1076 ist
953 1050 1005 1077 das
1025 1050 1101 1078 Lied
1127 1050 1172 1078 als
1192 1050 1407 1086 1nterpolation
1437 1050 1485 1077 <les

171 1089 217 1116 Ite
237 1089 329 1116 missa
350 1091 395 1115 est
412 1089 575 1115 verwertet.

635 1206 696 1238 195.
727 1207 769 1238 De
789 1208 900 1238 sancta
919 1207 1016 1237 Anna.

171 1287 201 1319 1.
229 1287 309 1328 Ave,
338 1286 501 1326 genitricis

228 1334 292 1365 Dei
316 1336 420 1366 mater
445 1334 549 1373 Anna,

228 1382 291 1414 Pro
317 1381 557 1413 nomenclatura

229 1429 317 1461 Coeli
344 1429 434 1461 donis
460 1430 566 1468 plena.

170 1487 201 1519 2.
229 1486 362 1518 Sumens
385 1485 456 1525 pias
482 1493 593 1525 preces

227 1533 424 1565 Devotoium
449 1541 515 1572 ore,

227 1581 343 1613 Funda
368 1589 425 1613 nos
449 1580 484 1612 in
508 1589 588 1620 pace

230 1628 336 1661 Pulsis
362 1627 481 1661 morbis
507 1628 610 1660 Adae.

169 1688 202 1720 3.
229 1684 324 1717 Solve
349 1684 454 1717 vincla
479 1684 552 1724 reis,

228 1732 344 1765 Profer
367 1733 474 1764 lumen
500 1732 612 1770 caecis,

227 1781 318 1812 Mala
342 1783 452 1812 nostra
475 1780 570 1820 pelle,

228 1828 320 1860 Bona
346 1829 461 1859 cuncta
485 1836 592 1867 posce.

860 1289 890 1320 4.
914 1287 1061 1318 Monstra
1085 1289 1117 1317 te
1143 1295 1211 1318 esse
1234 1289 1376 1329 matrem,

920 1333 1030 1366 Sumat
1053 1343 1113 1373 per
1138 1336 1169 1365 te
1192 1342 1319 1373 precem

919 1381 1023 1413 Prolis
1050 1384 1122 1412 tuae
1147 1383 1249 1421 natus,

916 1429 1027 1468 Agnus
1052 1429 1243 1460 immolatus.

858 1486 889 1517 5,
918 1485 1001 1517 Vere
1026 1485 1195 1525 singularis

917 1532 1024 1564 Mater
1048 1533 1231 1573 nominaris,

917 1579 982 1612 Nos
1009 1580 1111 1620 culpis
1137 1580 1257 1612 solutos

914 1628 1016 1660 Prece
1040 1627 1093 1660 fac
1117 1628 1274 1661 robustos.

857 1686 888 1718 6.
915 1685 1019 1716 Vitam
1049 1684 1122 1716 dein
1146 1693 1259 1724 puram

918 1731 1030 1764 Cuncti
1054 1740 1183 1772 agamus
1208 1741 1282 1773 una,

916 1779 962 1812 Ut
985 1779 1131 1811 videntes
1158 1777 1266 1811 Jesum

919 1826 1051 1866 Semper
1073 1826 1269 1861 allaetemur.

570 1886 600 1917 7.
628 1882 678 1915 Sit
701 1883 770 1915 laus
796 1883 864 1916 Deo
891 1885 988 1923 patri.

245 1971 315 2000 Cod.
335 1969 578 2005 Wernigeroden.
599 1969 643 1997 Za
662 1966 707 1996 68.
729 1977 804 1997 saec.
828 1966 871 1996 15.

636 2090 698 2122 196.
728 2090 770 2121 Dc
792 2092 904 2122 sancta
922 2091 1021 2121 Anna.

169 2175 201 2209 1.
227 2175 442 2213 Assurgentes
468 2173 669 2213 gratulentur

281 2221 367 2254 Coeli
396 2220 481 2253 cives
509 2220 627 2262 curiae,

230 2269 458 2302 Collaudantes
483 2270 673 2301 reverentur

276 2318 426 2351 Sanctam
452 2317 578 2349 Annam
606 2316 711 2354 hodie,

228 2366 324 2407 Cujus
351 2364 434 2398 festo
461 2365 672 2398 collaetentur

277 2415 393 2447 Omnes
420 2413 494 2446 Sion
521 2412 617 2446 filiae.

860 2173 890 2204 2.
920 2171 1046 2203 Summo
1071 2170 1140 2204 Deo
1163 2171 1335 2211 jubilemus

967 2219 1112 2252 Laudum
1137 2220 1170 2251 in
1195 2220 1364 2259 praeconio

918 2269 1068 2301 Sanctam
1096 2270 1220 2300 Annam
1247 2268 1477 2311 praedicemus,

968 2316 1105 2356 Largam
1129 2316 1320 2358 patrocinio,
1419 2309 1429 2317 ”

918 2358 1095 2396 Confoveri'
1114 2365 1284 2397 esultemus

965 2412 1043 2445 Piae
1067 2413 1179 2444 matris
1204 2412 1364 2452 suffragio.
