1653 2637
702 133 956 171 —266-—

578 229 644 260 472.
673 227 718 260 Dc
738 228 850 260 sancta
875 226 1083 258 Scholastica..

718 295 766 326 Ad
787 296 942 333 Vesperas.

178 367 209 400 1.
236 368 394 406 Hymniza
420 375 487 397 cum
514 366 654 405 tripudio
871 366 902 397 6.
930 365 1019 397 Haec
1039 373 1197 405 nunquam
1217 374 1286 396 cum
1304 364 1485 397 errantibus

233 414 278 446 Et,
301 416 406 455 cantu,
432 422 509 454 grex
533 413 716 451 monastice,
928 411 1044 443 Mundi
1070 412 1210 443 cucurrit
1236 413 1339 447 devia,

235 460 387 493 Ferventi
412 461 517 492 colens
539 460 644 491 studio
931 458 978 491 Ut
1002 458 1127 491 Christo
1152 457 1379 491 famulantibus

238 508 399 541 Solemnia
423 507 648 540 Scholasticae.
929 505 1001 538 Lux
1027 511 1111 538 esset
1135 510 1167 537 et
1191 508 1255 539 dux
1280 506 1422 546 praevia.

180 566 210 598 2.
236 564 327 596 Haec
351 564 473 603 sprevit
497 563 536 595 ab
559 561 695 595 infantia
875 565 906 596 7.
931 562 1048 594 Frater
1073 563 1186 595 audire
1210 564 1316 595 renuit

235 611 313 643 Cum
338 619 395 642 suo
417 609 498 642 flore
521 610 691 650 saeculum,
931 610 1064 643 Precem
1091 611 1185 649 hujus
1210 611 1391 652 sollicitam,

234 658 374 698 Sequens
400 658 484 689 omni
511 658 688 689 constantia
933 656 1030 689 Soror
1056 658 1192 690 invitum
1216 659 1319 690 tenuit

235 705 373 737 Mariam
398 705 482 736 vitae
505 705 678 744 speculum.
932 704 994 737 Per
1018 708 1240 746 tempestatem
1265 705 1413 737 subitam.

177 763 207 795 3.
236 761 394 793 Germana
418 759 512 793 fratri
536 761 648 793 similis
873 763 904 795 8.
931 761 977 793 Ut
999 771 1056 794 nos
1084 761 1237 794 defendat
1260 763 1424 806 miserans,

236 809 384 848 Diruptis
409 809 519 841 mundi
546 809 669 840 casibus
931 809 985 841 Ad
1010 818 1101 841 aures
1122 810 1184 843 Dei
1211 810 1348 849 clamita,

240 856 289 889 Ad
317 856 477 889 Christum
502 864 619 896 sponsa
642 857 759 888 nobilis
932 856 981 887 Tu
1005 866 1102 896 prece
1127 857 1248 888 coelum
1273 865 1429 900 reserans,

236 903 357 934 Mentis
384 903 532 935 currebat
555 904 714 943 passibus.
932 903 1016 942 Dux,
1043 908 1155 942 mater,
1182 913 1283 944 soror,
1310 903 1416 937 amita.

180 961 211 992 4.
238 959 324 991 Hinc
348 959 633 991 sanctimonialium
874 961 904 992 9.
930 958 1073 999 Dignare
1095 968 1153 992 nos
1178 960 1239 992 hoo
1262 961 1389 992 nomine

236 1006 413 1046 Exemplar
438 1014 506 1038 esse
528 1006 653 1050 meruit,
933 1006 1059 1038 Fratris
1085 1006 1222 1039 favendo
1248 1007 1332 1045 filiis,

234 1053 392 1085 Bonorum
419 1053 624 1085 aeternalium
934 1053 1094 1086 Confirma
1117 1063 1231 1087 nomen
1256 1056 1361 1087 omine

236 1100 355 1139 Quibus
379 1100 442 1131 iter
466 1101 600 1140 aperuit.
936 1101 1104 1134 vivacibus
1130 1102 1267 1135 auxiliis.

177 1158 209 1189 5.
236 1157 398 1196 Regnaret
424 1160 461 1188 ut
485 1157 641 1194 heriliter,
863 1160 917 1192 10.
934 1159 982 1191 Sit
1006 1158 1074 1190 Deo
1099 1159 1185 1199 patri
1210 1160 1319 1204 gloria,

238 1204 376 1236 Serviles
402 1207 506 1236 motus
535 1204 651 1236 fomitis
935 1205 985 1237 Sit
1007 1210 1092 1246 nato,
1119 1206 1162 1238 sit.
1188 1208 1354 1251 paraclito,

236 1252 413 1291 Subjiciens
440 1252 577 1284 viriliter
934 1252 1016 1285 Dum
1044 1252 1181 1286 famulae
1204 1255 1340 1287 victoria

235 1299 295 1331 His
320 1300 492 1339 imperavit
518 1299 654 1332 domitis.
934 1300 1026 1333 Gulto
1051 1302 1201 1333 laudatur
1227 1302 1344 1336 debitO.

251 1374 336 1401 Brev.
366 1382 420 1400 ms.
445 1375 585 1402 Mnrense
612 1382 687 1401 saec.
708 1373 783 1402 ¹⁶lis.
824 1375 894 1403 Cod.
914 1376 1072 1412 Araugien.
1097 1377 1129 1404 M
1149 1374 1176 1403 9.
1196 1376 1260 1404 Ful.
1282 1378 1317 1405 A.
1345 1393 1384 1397 —
1408 1379 1494 1406 Brov.

176 1419 230 1438 ms.
254 1410 396 1439 Gariense
417 1419 491 1438 saec.
516 1411 558 1440 15.
594 1411 663 1439 Cod.
683 1413 769 1440 Arch.
791 1411 959 1450 Sangalleu.
978 1414 1134 1442 Fabarien.
1154 1414 1206 1441 IX.
1221 1415 1254 1442 B.
1276 1430 1312 1434 —
1332 1415 1417 1444 Brev.
1438 1426 1491 1444 ms.

175 1449 398 1476 Benedictinum
426 1457 500 1476 saec.
526 1449 568 1477 15.
605 1449 674 1476 Οοᾱ.
694 1450 853 1477 Eremiten.
874 1449 920 1479 84.
942 1451 971 1478 C.
994 1466 1029 1470 —
1053 1451 1077 1485 1,
1100 1451 1114 1479 1
1135 1452 1296 1486 Hymnizet
1314 1454 1348 1482 B.
1368 1471 1405 1474 —
1428 1453 1452 1489 1,
1474 1453 1492 1482 2

176 1488 337 1514 monastico
366 1486 400 1514 B.
420 1501 457 1505 —
480 1486 509 1521 1,
537 1485 554 1515 3
574 1487 731 1515 Fvwenter
750 1488 784 1514 B.
804 1503 841 1507 —
861 1487 891 1523 2,
913 1488 930 1517 3
950 1489 1082 1525 Sequens
1102 1498 1168 1518 cum
1188 1493 1356 1519 constantia
1373 1493 1432 1520 AG.
1453 1500 1491 1513 -ὲ

176 1521 205 1552 9.
227 1522 245 1550 2
264 1525 367 1552 Mundi
394 1524 519 1559 diruptis
540 1526 573 1552 A.
594 1539 632 1543 —
651 1524 686 1559 4,
709 1525 723 1553 1
746 1526 832 1553 Nune
852 1527 1117 1555 sanctimonialium
1137 1527 1171 1554 B.
1192 1544 1229 1548 —
1248 1527 1276 1562 4,
1298 1528 1315 1556 2
1336 1539 1400 1557 esse
1419 1531 1493 1558 fehlt

177 1562 211 1589 A.
234 1576 272 1580 —
293 1561 327 1595 5,
347 1561 368 1589 4
385 1563 551 1598 imperaret.
571 1563 604 1589 B.
624 1578 662 1581 —
680 1562 707 1596 7,
731 1562 748 1591 3
769 1562 903 1592 Sororem
923 1566 1047 1592 invitam
1067 1566 1101 1593 A.
1123 1580 1161 1585 -—
1180 1564 1207 1599 8,
1229 1565 1245 1593 1
1264 1567 1307 1595 Et
1325 1576 1379 1595 nes
1398 1569 1433 1597 A.
1454 1584 1492 1588 —

177 1599 211 1633 8,
242 1597 259 1626 2
280 1600 434 1627 clamitans
454 1601 493 1633 A,
515 1601 648 1628 clamitat
667 1602 697 1629 (J.
719 1615 756 1620 —
776 1602 810 1635 8,
831 1600 849 1629 3
871 1603 981 1631 coelum
1003 1612 1088 1639 prece
1107 1603 1166 1631 AC.
1187 1618 1225 1622 —
1245 1602 1271 1640 8,
1292 1604 1312 1633 4
1330 1607 1377 1633 Tu
1398 1611 1492 1636 mater

176 1637 214 1703 ξ»,
245 1646 382 1703 sAonorum
404 1636 438 1672 G,
466 1640 561 1666 amica
579 1638 663 1666 ABG.
691 1654 728 1658 —
755 1637 784 1673 9,
812 1637 830 1666 2
848 1641 966 1669 Fratres
987 1641 1127 1669 fovendos
1147 1642 1182 1669 A.
1202 1657 1240 1662 —
1261 1642 1292 1678 9,
1318 1642 1338 1671 4
1356 1645 1490 1674 Viventi-

197 1683 231 1702 us
280 1696 286 1702 .

592 1787 659 1819 4¹73.
690 1787 734 1820 De
754 1790 860 1819 sancto
883 1789 1069 1830 sigisberto.

466 1868 497 1902 1.
522 1869 588 1900 Iste
613 1868 776 1902 confessor
800 1869 860 1901 Dei
887 1870 1081 1911 sigisbertus

522 1916 567 1948 Et
592 1915 803 1949 Columbanus
828 1919 961 1958 propria
984 1918 1163 1959 linquentes

525 1963 629 1995 Ambo
654 1964 824 1996 haeserunt
849 1965 986 1997 Domino
1013 1967 1171 1999 coelorum

570 2010 622 2042 Ex
651 2014 717 2043 toto
744 2012 849 2046 corde.

465 2068 497 2099 2.
522 2067 673 2098 Eremum
702 2068 823 2100 intrant
850 2069 994 2101 domibus
1020 2071 1151 2111 relictis,

524 2114 665 2146 Ludicra
690 2123 767 2147 cura
790 2115 953 2156 nobilique
975 2126 1104 2157 pompa,

523 2161 646 2192 Mundo
670 2162 703 2193 in
727 2162 790 2193 isto
814 2163 861 2194 nil
886 2163 1045 2205 amabant,
1071 2165 1133 2197 Dei

570 2207 692 2247 Spiritu
715 2209 813 2248 pleni.

465 2266 497 2297 3.
523 2266 561 2297 In
583 2265 750 2304 juventute
775 2266 936 2307 sobriique
962 2269 1042 2300 casti

525 2312 585 2351 Pii,
610 2313 719 2353 quieti,
749 2313 898 2353 dogmate
919 2319 1044 2347 sacrato

524 2359 692 2392 Initiantes
720 2361 930 2401 baptizabant
953 2364 1068 2395 multos

571 2406 653 2439 Fide
676 2408 857 2445 instructos.
