1653 2637
690 122 928 158 -65-

151 220 183 253 3.
212 219 308 252 Solve
332 219 439 251 vincla
463 219 537 260 reis,
844 221 875 255 5.
901 219 994 252 Viam
1017 221 1147 259 praesta
1170 228 1283 259 puram

210 266 327 299 Profer
350 267 458 299 lumen
484 268 598 308 caecis,
898 267 952 299 Ad
976 276 1088 307 pacem
1113 265 1263 309 futuram,

213 314 358 347 Schisma
382 323 511 347 saevum
536 316 631 356 pelle,
899 315 946 348 Ut
969 317 1002 346 te
1023 316 1125 347 matre
1151 315 1231 347 duce

209 362 272 403 Da,
298 362 342 395 sit
363 371 461 394 unum
485 363 579 396 velle.
898 362 1050 395 Vivamus
1072 362 1107 394 in
1129 362 1211 394 luce.

149 449 183 481 4.
211 448 361 480 Monstra
383 450 481 488 teque
504 451 639 480 matrem
841 451 870 483 6.
897 447 982 480 Laus
1006 448 1049 480 sit
1069 448 1156 488 patri
1179 448 1248 482 Deo

210 494 308 535 Apud
334 495 438 527 Deum
463 498 597 536 patrem,
900 496 1046 536 Natoque
1069 496 1109 528 ab
1136 504 1182 537 eo,

212 543 309 584 Cujus
331 544 423 576 novit
446 546 555 576 natum
898 543 1065 576 Pneumati
1089 546 1122 575 et
1144 544 1218 583 piae

214 591 346 624 Clausus
372 593 461 623 vates
486 593 605 625 vatum.
903 591 1027 632 Virgini
1050 591 1183 625 Mariae.

225 686 334 721 Hymn.
360 694 412 713 ms.
436 685 613 721 Campensis
634 686 704 713 anni
726 683 807 714 1462.
852 685 920 714 Cod.
940 685 1155 714 Darmstadien.
1176 685 1240 715 521.
1260 701 1298 705 —
1320 684 1344 722 1,
1365 685 1385 715 4
1402 688 1469 716 Lux

149 724 193 751 sic
216 723 289 751 Sion
309 725 402 758 port-a.
424 738 459 742 —
481 722 508 757 3,
529 721 549 750 4
573 724 635 751 Dat
654 726 698 752 sic
717 732 816 751 unum.
836 740 875 745 —
893 721 919 758 5,
945 721 959 750 1
979 724 1089 752 Vitam.

599 863 645 894 99.
665 864 700 895 111
720 863 910 895 Visitatione
932 864 1019 895 BMV.

696 931 744 960 Ad
765 931 922 970 Vesperas.

381 1000 412 1033 1.
440 1000 539 1032 Sacra
563 1000 717 1033 solemnia
741 1002 855 1033 recolit
881 1001 987 1033 debite

441 1048 549 1080 Mater
575 1049 710 1081 ecclesia
734 1048 867 1089 virginis
891 1049 1029 1092 inclitae,

440 1095 604 1128 Gestantis
630 1095 810 1136 Dominum,
836 1095 991 1129 factorem
1018 1097 1179 1129 hominum

486 1142 532 1175 Et
556 1144 792 1184 redemptorem
818 1144 966 1176 omnium.

381 1230 412 1261 2.
440 1229 587 1262 Clausum
616 1229 757 1270 virgineo
782 1230 993 1269 plasmantem
1016 1231 1147 1269 pectore

435 1276 531 1308 Miles
557 1275 693 1310 femineo
718 1277 906 1309 recumbens
932 1277 1054 1309 viscere

439 1323 546 1356 Sensit
572 1324 734 1367 divinum,
761 1326 903 1358 nondum
928 1326 1124 1366 progenitus,

486 1371 539 1404 Ex
563 1373 713 1405 unctione
739 1373 882 1412 spiritus.

379 1458 410 1490 3.
440 1456 566 1490 Gaudet
591 1457 741 1498 obsequio
767 1466 864 1490 senex
888 1467 1076 1499 puerperae,

437 1506 560 1538 Parvus
586 1505 724 1546 alloquio
748 1507 860 1538 matris
887 1505 1105 1546 Christiferae,

436 1553 543 1585 Maria
567 1553 687 1594 visitat,
715 1556 849 1594 cognata
872 1554 1049 1595 praedicat,

484 1600 582 1641 Virgo
606 1601 710 1633 Deum
734 1601 925 1642 magnificat.

378 1688 411 1721 4.
435 1686 563 1719 Felices
592 1688 677 1719 uteri
701 1685 811 1719 ferunt
832 1687 991 1728 hilariter,

436 1734 615 1766 Laetantur
639 1735 731 1776 pueri
754 1735 913 1774 praecelsi
938 1736 1069 1776 pariter,

437 1782 579 1813 Mundus
604 1782 733 1814 insolito
759 1782 936 1823 congaudet
958 1783 1061 1822 J'ubilo

485 1829 576 1870 Regi,
602 1829 767 1872 matribus,
794 1829 922 1863 famulo.

382 1917 414 1948 5.
441 1915 566 1956 Regina
590 1913 730 1947 famulae
753 1916 915 1948 ministrat
938 1916 1047 1948 usibus

436 1963 576 1995 Humilis
601 1964 712 1996 sedule
737 1963 839 1996 tribus
862 1963 910 1996 sic
934 1964 1105 2005 mensibus,

434 2012 532 2053 Virgo
558 2010 667 2044 felicia
691 2013 766 2053 post
789 2014 838 2044 tot
861 2010 968 2044 officia

480 2060 667 2092 Revertitur
693 2060 736 2092 ad
759 2061 903 2101 propria.

375 2147 406 2179 6.
433 2145 524 2179 Patri
550 2146 593 2177 sit
617 2147 717 2187 gloria
741 2155 868 2187 semper
891 2146 1044 2189 ingenito,

433 2194 588 2236 Regnum,
616 2195 751 2228 victoria
772 2195 815 2227 sit
839 2195 1012 2236 unigenito,

433 2242 541 2275 Decus
568 2244 737 2286 paraclito,
762 2243 832 2275 laus
858 2244 927 2275 sine
953 2243 1087 2275 termino

481 2291 547 2325 Uni
572 2292 720 2332 trinoque
745 2291 892 2324 Domino.

218 2386 305 2414 Brev.
326 2386 477 2414 Vei-dense
499 2386 570 2422 imp.
598 2395 620 2413 s.
654 2387 673 2414 l.
705 2384 787 2414 1450.
809 2401 846 2405 —
874 2385 897 2421 1,
926 2384 943 2415 3
963 2388 1104 2416 factorem
1125 2388 1263 2415 omnium.
1284 2401 1322 2406 —
1342 2385 1368 2422 2,
1383 2385 1401 2414 2
1422 2396 1465 2415 re-

139 2424 279 2453 cumbens
301 2427 426 2462 pectore.
447 2440 486 2444 —-
507 2422 533 2457 3,
560 2422 574 2452 1
597 2425 717 2453 Laudet
737 2426 885 2462 obsequio.
906 2441 945 2446 —-
966 2425 991 2461 6,
1015 2425 1029 2454 1
1049 2426 1141 2455 Matri
1161 2427 1201 2454 sit
1219 2426 1324 2462 gloria.

197 2476 324 2502 Dreves,
340 2475 429 2504 Hymni
442 2475 540 2499 Inediti.
570 2475 603 2498 11.
1277 2471 1294 2501 5
